3050 4292
583 175 800 232 EVTROPIVS.
832 179 875 230 Vl.
903 178 960 231 Vll.
1325 185 1366 246 39

189 351 303 416 fuerat.
351 351 424 415 inde
454 351 488 414 in
515 351 658 415 Africam
687 351 851 434 profectus
882 355 942 429 est,
972 352 1029 415 ubi
1059 351 1183 416 infinita
1213 353 1374 417 nobilitas

188 459 261 500 cum
282 435 375 514 Iuba,
397 436 608 501 Mauritaniae
630 458 716 519 rege,
738 436 859 501 bellum
880 441 1092 520 reparaverat.
1138 438 1233 501 duces
1254 444 1364 503 alitem
1386 462 1426 507 e·

189 522 326 587 Romani
354 526 443 585 erant
465 521 499 584 P.
524 521 689 585 Cornelius
716 520 832 605 Scipio·
849 545 888 585 ex
914 544 1030 607 genere
1058 523 1279 606 antiquissimo
1302 523 1367 588 Sei·

189 609 291 690 pionis
318 606 462 671 Africani
490 605 553 688 (hic
584 606 680 670 etiam
712 614 802 670 socer
829 607 961 691 Pompei
988 608 1117 690 fuerat),
1144 607 1186 672 M.
1212 608 1367 688 Petreius,

164 692 224 768 5Q.
247 691 366 770 Varus,
389 692 430 756 M.
453 691 585 755 Porcius
608 691 701 770 Cato,
722 692 755 756 L.
779 692 941 756 Cornelius
963 694 1113 771 Faustus,
1135 693 1241 758 Sullae
1269 695 1367 759 dicta·

189 779 267 842 toris
297 777 390 840 filius.
444 781 554 840 contra
584 776 644 840 hos
676 778 844 841 commisso
874 778 995 861 proelio
1024 783 1097 862 post
1126 779 1245 844 multas
1275 781 1366 844 dimi-

190 863 331 926 cationes
358 862 458 926 victor
484 861 547 925 fuit
569 862 692 927 Caesar.
737 862 816 926 Cato
844 861 948 945 Scipio
971 863 1116 928 Petreius
1137 863 1218 928 Iuba
1231 865 1306 949 ipsi
1334 889 1367 929 se

189 947 379 1011 occiderunt.
423 947 572 1044 Faustus,
599 948 706 1012 Sullae
728 950 892 1032 quondam
919 949 1082 1013 dictatoris
1112 949 1210 1028 filius,
1231 950 1366 1034 Pompei

148 1031 493 1181 rogenePoStharlrliliri
516 1033 790 1183 illaleeleiiClPlSniasin
815 1141 981 1214 regressus
1008 1123 1124 1202 quarto
1147 1142 1181 1183 se
1204 1122 1413 1193 consulem24

188 1201 264 1266 fecit
287 1206 319 1266 et
341 1204 450 1266 statim
473 1203 513 1267 ad
534 1203 705 1286 Hispanias
728 1209 776 1268 est
797 1205 968 1287 profectus,
990 1204 1046 1268 ubi
1068 1205 1201 1287 Pompei
1222 1205 1289 1284 filii,
1312 1205 1366 1270 Cn.

187 1285 359 1370 Pompeius
375 1293 407 1352 et
421 1287 491 1352 Sex.
501 1288 682 1372 Pompeius,
698 1290 811 1373 ingens
825 1289 947 1354 bellum
960 1294 1234 1372 praeparaverant.
1263 1291 1367 1355 multa

188 1373 308 1454 proelia
331 1373 471 1451 fuerunt,
494 1374 642 1438 ultimum
669 1377 754 1457 apud
776 1374 930 1439 Mundam
953 1376 1122 1453 civitatem,
1143 1376 1178 1440 in
1200 1398 1263 1459 quo
1286 1378 1366 1441 adeo

189 1455 303 1521 Caesar
324 1481 425 1541 paene
447 1459 551 1523 victus
574 1464 629 1538 est,
651 1465 687 1524 ut
709 1460 907 1545 fugientibus
926 1461 992 1524 suis
1007 1483 1040 1525 se
1062 1461 1200 1524 voluerit
1215 1463 1366 1540 occidere,

147 1558 177 1604 15
188 1564 228 1606 ne
250 1547 322 1625 post
338 1548 461 1608 tantam
482 1545 529 1608 rei
543 1545 689 1608 militaris
711 1545 848 1630 gloriam
862 1547 896 1610 in
911 1550 1101 1628 potestatem
1116 1547 1368 1612 adulescentium

187 1631 281 1692 natus
304 1650 402 1693 annos
418 1651 474 1693 sex
497 1633 529 1693 et
544 1631 779 1715 quinquaginta
793 1632 923 1696 veniret.
969 1632 1103 1715 denique
1125 1633 1281 1714 reparatis
1301 1633 1366 1697 suis

186 1713 270 1777 vicit.
316 1737 355 1778 ex
377 1714 509 1798 Pompei
531 1715 604 1779 filiis
626 1716 728 1780 maior
750 1717 871 1780 occisus
895 1722 953 1794 est,
974 1717 1079 1781 minor
1101 1715 1194 1802 fugit.

273 1798 349 1864 Inde
377 1797 492 1864 Caesar
520 1800 612 1864 bellis
645 1801 790 1866 civilibus
817 1807 886 1866 toto
913 1803 990 1866 orbe
1021 1802 1205 1885 compositis
1231 1803 1411 1877 Romam-25

187 1884 289 1948 rediit.
339 1907 434 1970 agere
460 1885 649 1950 insolentius
680 1889 785 1970 coepit
816 1891 848 1951 et
874 1892 985 1951 contra
1011 1888 1276 1952 consuetudinem
1301 1889 1366 1953 llo-

146 1984 301 2033 aomanae
324 1970 488 2034 libertatis.
533 1993 605 2034 cunr
633 1993 709 2056 ergo
733 1976 766 2035 et
787 1972 924 2036 honores
948 1995 987 2036 ex
1009 1995 1066 2036 sua
1086 1974 1251 2037 voluntate
1274 1997 1365 2056 prae·

189 2058 300 2132 staret,
323 2055 379 2137 qui
402 2077 420 2117 a
442 2056 561 2139 populo
590 2058 662 2119 ante
685 2057 922 2135 deferebantur,
950 2079 1007 2121 nec
1034 2057 1158 2121 senatui
1185 2058 1226 2121 ad
1252 2081 1286 2122 se
1313 2083 1366 2124 ve-

188 2138 289 2202 nienti
320 2141 507 2225 adsurgeret
544 2139 669 2223 aliaque
706 2142 795 2225 regia
832 2145 864 2205 et
899 2164 1000 2225 paene
1036 2142 1202 2224 tyrannica
1237 2142 1366 2221 faceret,

188 2223 387 2288 coniuratum
419 2229 467 2289 est
496 2225 530 2287 in
561 2247 634 2288 eum
665 2249 683 2288 a
717 2227 884 2309 sexaginta
914 2228 965 2290 vel
1000 2225 1135 2310 amplius
1166 2229 1367 2294 senatoribus

189 2309 415 2393 equitibusque
438 2310 599 2376 Romanis.
644 2311 808 2394 praecipui
835 2311 965 2376 fuerunt
991 2312 1075 2376 inter
1099 2313 1280 2378 coniuratos
1303 2316 1366 2380 duo

145 2409 177 2456 es
189 2393 282 2460 Bruti
305 2418 343 2459 ex
366 2417 402 2459 eo
429 2417 545 2482 genere
568 2395 673 2475 Bruti,
701 2397 756 2480 qui
778 2397 899 2483 primus
922 2397 1042 2462 Romae
1070 2399 1181 2461 consul
1207 2398 1314 2464 fuerat
1335 2406 1367 2464 et

188 2501 281 2564 reges
303 2483 476 2564 expulerat,
500 2479 532 2546 G.
548 2481 676 2545 Cassius
699 2486 731 2546 et
746 2482 897 2546 Servilius
916 2481 1022 2547 Casca.
1066 2504 1143 2566 ergo
1159 2483 1274 2548 Caesar
1296 2509 1369 2550 cum

189 2567 318 2629 senatus
340 2566 390 2629 die
417 2567 500 2630 inter
528 2570 648 2631 ceteros
673 2567 814 2632 venisset
839 2569 880 2632 ad
906 2568 1039 2647 curiam,
1064 2568 1166 2632 tribus
1193 2573 1226 2633 et
1251 2571 1369 2656 viginti

190 2649 374 2714 vulneribus
397 2650 561 2715 confossus
585 2656 640 2717 est.

677 2791 882 2802 ———--—-.=0

553 2890 709 2964 LIBER
737 2888 1005 2968 SEPTIMVS.

149 3007 181 3054 30
276 3005 371 3070 Anno
401 3006 490 3071 urbis
517 3008 799 3094 septingentesimo
824 3010 891 3074 fere
917 3033 954 3076 ac
985 3035 1069 3077 nono
1101 3013 1268 3079 interfecto
1291 3015 1369 3082 (lae-

191 3112 260 3155 sare
292 3091 398 3155 civilia
427 3092 512 3158 bella
539 3097 686 3176 reparata
713 3099 794 3160 sunt.
842 3098 1081 3179 percussoribus
1112 3100 1197 3163 enim
1224 3099 1401 3170 Caesarisl

191 3177 483 3243 senatus'favebat.
527 3178 686 3244 Antonius
710 3182 821 3245 consul
846 3183 987 3266 partium
1009 3183 1152 3248 Caesaris
1174 3185 1260 3249 civili
1280 3187 1368 3253 bello

192 3261 370 3344 opprimere
399 3287 451 3328 eos
479 3264 660 3330 conabatur.
706 3286 783 3351 ergo
808 3267 937 3332 turbata
962 3269 1154 3352 republica
1180 3272 1281 3336 multa
1302 3273 1370 3337 An·

192 3381 397 3392 --μ-ι

261 3435 276 3484 t
300 3430 387 3484 sullae
411 3431 559 3488 dictatoris
583 3433 657 3488 filius
681 3437 742 3488 incl.
766 3435 797 3504 t,
824 3441 852 3488 ut
875 3439 910 3506 cs.
934 3437 962 3487 t*
983 3452 1011 3504 p.
1033 3439 1083 3501 24,
1110 3440 1160 3503 25,
1185 3439 1369 3496 Gardthausen

189 3530 219 3582 p.
238 3515 294 3566 264
315 3518 325 3582 l
347 3523 362 3570 8
382 3518 470 3573 sullae
497 3519 639 3586 quondam
662 3519 812 3575 dictatoris
836 3519 911 3575 filius
933 3522 982 3574 ct
1005 3524 1034 3585 d,
1057 3524 1159 3591 om.‚P,
1180 3525 1232 3577 del.
1257 3526 1371 3589 Gruner,

193 3603 219 3656 δ’
236 3617 264 3668 p.
284 3603 351 3665 ⁶50,
378 3608 437 3672 op.
455 3607 489 3656 19
512 3605 522 3672 ΙΙ
545 3613 574 3659 11
596 3621 685 3674 gneus
703 3605 854 3676 pompeius
878 3610 908 3661 et
932 3608 1028 3662 sextus
1053 3607 1203 3678 pompeius
1225 3611 1312 3662 dett
1335 3613 1372 3680 cf,

197 3687 317 3740 Eussner
335 3688 461 3755 Philolop.
485 3693 553 3744 Anz.
575 3693 592 3742 5
612 3707 641 3758 p.
664 3691 727 3755 551;
749 3691 897 3762 pompeius
916 3698 981 3760 post
1002 3710 1091 3763 gneus
1115 3697 1142 3747 et
1164 3697 1258 3748 sextus
1280 3698 1333 3751 del.
1356 3701 1374 3752 δ

126 3831 128 3834 ,
188 3788 218 3839 p.
237 3775 271 3825 19
294 3774 304 3840 ΙΙ
328 3781 357 3827 ll
379 3791 413 3829 ex
431 3774 548 3845 pompei
567 3775 632 3830 filiis
652 3777 677 3830 B
699 3779 720 3830 C
739 3779 830 3845 Capito
849 3784 908 3835 τῶν
928 3777 959 3834 δὲ
977 3781 1132 3849 Πομπηίου
1153 3781 1263 3836 παίδων
1281 3777 1297 3836 ὁ
1316 3780 1372 3850 μὲν

192 3855 391 3932 πρεσβύτερος
411 3899 418 3914 .
437 3900 444 3913 .
463 3901 469 3914 .
488 3855 503 3918 ὃ
524 3859 552 3917 δὲ
572 3858 721 3936 νεώτερος,
740 3863 757 3914 t
775 3862 926 3933 (Setent03
945 3867 975 3919 et
992 3862 1108 3934 pompei
1124 3861 1198 3916 filius
1217 3867 1240 3916 A
1259 3867 1285 3917 d.
