3050 4292
183 228 227 292 58
629 222 844 278 nvrnoelvs.
871 222 917 275 IX.

183 396 352 464 revocavit.
396 397 556 480 superavit
582 398 616 460 in
644 397 748 462 Gallia
775 396 936 460 Tetricum
962 397 1049 480 apud
1074 394 1266 460 Catalaunos
1293 397 1362 480 ipso

181 484 311 564 ,Tetrico
327 483 480 566 prodente
502 482 675 546 exercitum
697 503 799 559 suum,
822 481 910 546 euius
926 482 1071 546 adsiduas
1086 481 1256 545 seditiones
1277 481 1361 546 ferre

184 593 250 634 non
280 571 412 652 poterat.
453 567 528 652 quin
557 567 653 631 etiam
678 589 735 651 per
761 568 886 632 litteras
913 569 1053 632 occultas
1080 566 1290 633 Aurelianum
1315 567 1361 632 ita

184 655 289 719 fuerat
312 654 514 736 deprecatus,
528 657 565 716 ut
579 653 663 717 inter
678 652 741 716 alia
762 661 856 717 'versu
871 652 1059 738 Vergiliano
1079 655 1234 716 uteretur:
1257 652 1359 736 eripe
1484 719 1487 722 ,

148 760 165 806 a
184 763 239 804 me
254 739 327 817 his,
343 739 498 817 invicte,
513 738 632 803 malis.
663 738 834 802 Zenobiam
845 759 980 820 quoque,
989 759 1071 821 quae
1081 738 1184 804 occiso
1193 736 1363 823 Odenatho,
1377 757 1393 804 5

184 825 300 889 marito
323 824 486 888 Orientem
513 824 654 902 tenebat,
678 823 767 888 haud
792 823 887 908 longe
914 823 955 887 ab
978 822 1149 887 Antiochia
1175 823 1242 886 sine
1258 823 1359 920 'gravi
1485 873 1512 904 x

184 910 306 994 proelio
334 910 430 992 oepit,
455 909 682 995 ingressusque
710 909 848 991 Romam
873 907 1015 972 nobilem
1041 907 1240 992 triumphum
1266 931 1359 992 quael

184 999 345 1079 receptor¹
367 993 505 1059 Orientis
537 995 781 1077 Occidentisque
822 1014 840 1056 e
866 992 890 1056 't
930 994 1193 1076 praecedentibus
1232 1016 1359 1058 currum

184 1080 309 1146 Tetrico
338 1084 371 1144 et
397 1079 544 1145 Zenobia.
593 1079 649 1162 qui
680 1080 809 1162 quidem
864 1079 981 1142 etrious
1013 1082 1174 1143 corrector
1199 1078 1359 1144 Lucaniae

183 1171 295 1250 postea
316 1166 379 1230 1111
401 1187 438 1228 11
460 1167 603 1248 privatus
619 1165 796 1228 diutissime
818 1162 905 1240 vixit,
929 1162 1067 1227 Zenobia
1082 1167 1189 1227 autem
1206 1169 1358 1247 posteros,
1369 1183 1401 1230 10

184 1253 239 1334 qui
262 1251 364 1315 adhuc
385 1253 522 1328 manent,
544 1250 665 1313 Romae
687 1249 823 1332 reliquit.

136 1345 177 1402 14
267 1335 339 1400 Hoc
364 1336 540 1418 imperante
569 1334 664 1400 etiam
690 1335 723 1398 in
750 1335 829 1398 urbe
856 1334 1024 1398 monetarii
1049 1333 1286 1397 rebellaverunt
1311 1335 1358 1398 vi·

183 1421 271 1484 tiatis
293 1419 434 1504 pecuniis
450 1424 482 1483 et
496 1418 693 1485 Felicissimo
708 1419 856 1484 rationali
870 1419 1046 1497 interfecto,
1067 1440 1150 1501 quos
1164 1418 1357 1484 Aurelianus

182 1507 283 1570 victos
314 1505 427 1569 ultima
454 1505 639 1569 crudelitate
667 1505 871 1588 compescuit.
918 1504 1072 1588 plurimos
1103 1503 1226 1568 nobiles
1253 1505 1356 1588 eapite

183 1591 352 1655 damnavit.
405 1612 518 1654 saevus
556 1594 587 1653 et
624 1590 848 1675 sanguinarius
886 1611 923 1653 ae
953 1590 1152 1653 necessarius
1185 1591 1290 1673 magis
1321 1590 1396 1652 in15

182 1675 375 1758 quibusdam
398 1697 495 1758 quam
516 1675 549 1738 in
571 1674 638 1739 ullo
666 1675 811 1739 amabilis
838 1675 1018 1758 imperator.
1062 1677 1136 1738 trux
1163 1674 1251 1738 omni
1275 1678 1355 1737 tem·

181 1783 267 1845 pore,
290 1760 387 1824 etiam
408 1760 467 1824 filii
490 1761 606 1825 sororis
628 1761 848 1844 interemptor,
871 1760 1055 1843 disciplinae
1077 1763 1186 1823 tamen
1206 1756 1354 1823 militaris

182 1850 214 1910 et
235 1868 361 1910 morum
383 1846 608 1910 dissolutorum
629 1867 748 1930 magna
770 1867 809 1909 ex
830 1849 921 1943 parte
937 1849 1108 1909 corrector.

137 1940 175 1999 155
267 1929 389 1995 Urbem
419 1929 556 1994 Romam
586 1931 685 1995 muris
715 1930 909 1995 firmioribus
944 1930 1052 1994 cinxit
1082 1927 1259 2012 ‘templum
1288 1927 1356 1994 Soli

182 2015 370 2097 aedificavit,
390 2015 424 2080 11
447 2038 510 2099 quo
526 2016 687 2080 infinitum
702 2017 772 2080 auri
794 2037 1055 2102 gemmarumque
1071 2015 1242 2080 constituit.
1283 2029 1399 2098 pro-20
1468 2054 1471 2059 ·

181 2101 317 2166 vinciam
340 2101 481 2180 Daciam,
503 2123 601 2185 quam
622 2100 778 2166 Traianus
800 2101 884 2166 ultra
905 2101 1088 2166 Danuvium
1109 2099 1237 2179 fecerat,
1258 2100 1356 2164 inter-

181 2187 279 2253 misit·
302 2191 428 2251 vastato
458 2187 545 2251 omni
573 2186 703 2270 Illyrico
739 2191 772 2252 et
802 2185 924 2252 Moesia
960 2188 1129 2270 desperans
1165 2204 1236 2248 eam
1264 2207 1355 2268 posse

181 2272 324 2352 retineri,
352 2273 572 2356 abductosque·
593 2271 754 2338 Romanos
782 2295 822 2336 ex
847 2271 980 2337 urbibus
1009 2276 1041 2336 et
1067 2271 1152 2356 agris
1173 2269 1291 2346 Daciae
1320 2269 1355 2333 in

181 2357 285 2421 media
308 2357 428 2421 Moesia
451 2357 618 2422 collocavit
640 2357 798 2441 appellavi
835 2380 875 2421 ue
902 2379 973 2421 eam
994 2356 1139 2434 Daciam,
1166 2377 1248 2438 quae
1270 2375 1355 2418 nunc

183 2443 260 2506 duas
278 2441 415 2507 Moesias
439 2442 549 2506 dividit
572 2447 603 2506 et
626 2447 673 2506 est
695 2444 806 2507 dextra
853 2443 969 2506 anuvio
983 2442 1017 2505 in
1038 2439 1260 2521 marefluenti,
1282 2455 1398 2504 cumas

144 2545 162 2590 1
182 2531 276 2591 antea
285 2526 386 2591 fuerit
406 2528 441 2592 in
455 2526 553 2592 laeva.
598 2528 751 2592 occiditur
765 2527 847 2591 servi
869 2527 918 2590 sui
931 2527 1051 2605 fraude,
1074 2527 1131 2610 qui
1145 2525 1186 2590 ad
1201 2526 1356 2609 quosdam

181 2611 333 2676 militares
363 2612 448 2676 viros
484 2613 602 2678 amieos
638 2613 738 2698 ipsius
768 2613 896 2677 nomina
930 2611 1063 2696 pertulit
1092 2612 1244 2676 adnotata
1272 2610 1356 2674 falso

181 2720 310 2761 manum
333 2697 400 2762 eius
413 2699 581 2778 imitatus,
607 2703 774 2782 tamquam
794 2696 988 2777 Aurelianus
1012 2697 1100 2781 ipsos
1121 2700 1249 2781 pararet
1274 2696 1355 2761 occi-

183 2784 268 2861 dere3
290 2781 399 2867 itaque
421 2787 459 2848 ut
472 2782 718 2868 praeveniretur,
741 2783 782 2848 ab
801 2783 902 2847 isdem
922 2782 1109 2847 interfectus
1123 2782 1220 2849 estin
1234 2781 1355 2846 itineris

181 2868 301 2950 medio,
332 2869 418 2952 quod
443 2869 526 2933 inter
553 2868 862 2952 Constantinopolim
888 2873 922 2932 et
946 2867 1134 2932 Heracleam
1162 2871 1210 2932 est
1236 2870 1398 2930 strataeao

181 2954 310 3031 veteris3
333 2953 421 3019 locus
437 2953 708 3037 Caenophrurium
726 2953 912 3038 appellatur.
949 2975 1035 3017 mors
1049 2957 1157 3018 tamen
1172 2953 1240 3017 eius
1253 2950 1354 3014 inulta

181 3061 245 3104 non
267 3039 335 3105 fuit.
378 3039 496 3104 meruit
518 3060 645 3124 quoque
666 3040 750 3104 inter
772 3040 861 3103 divos
882 3039 1002 3104 referri.

136 3132 177 3190 16
269 3124 492 3208 Tacitus'post
513 3124 598 3188 hunc
624 3124 763 3208 suscepit
785 3124 966 3209 imperium,
992 3123 1042 3188 vir
1063 3122 1192 3208 egregie
1212 3123 1371 3196 moratus,

183 3215 215 3274 et
240 3211 287 3275 rei
312 3210 460 3294 publicae
487 3210 645 3295 gerendae
672 3210 813 3275 idoneus.
860 3208 942 3274 nihil
967 3214 1075 3274 tamen
1102 3207 1224 3272 clarum
1249 3206 1356 3290 potuit

182 3296 348 3360 ostendere
369 3295 454 3360 intra
475 3299 600 3360 sextum
614 3317 756 3360 mensem
777 3295 902 3379 imperii
923 3298 1025 3358 morte
1039 3296 1237 3378 praeventus.
1281 3287 1399 3356 Flo-aa

181 3381 298 3457 rianus,
321 3381 375 3464 qui
394 3380 504 3445 Tacito
527 3384 727 3459 successerat,
749 3380 872 3445 duobus
894 3379 1055 3444 mensibus
1077 3383 1110 3443 et
1126 3377 1242 3443 ,diebus
1256 3382 1309 3436 XX
1321 3377 1356 3440 in

181 3464 313 3549 imperio
336 3464 398 3530 fuit
419 3487 522 3552 neque
545 3467 716 3550 quicquam
738 3465 871 3550 dignum
892 3464 1046 3529 memoria
1068 3463 1143 3548 egit

182 3637 383 3648 o———-

255 3743 286 3788 1⁷
308 3734 495 3805 interemptor
513 3737 539 3790 F
561 3740 595 3807 cf.
618 3753 640 3788 11
657 3739 724 3802 392,
747 3739 811 3801 512;
833 3735 997 3790 interlector
1013 3736 1031 3787 h
1048 3737 1092 3804 (ΙΙΙ
1110 3741 1142 3789 23
1165 3731 1280 3789 retineri
1305 3733 1359 3798 cd

180 3821 218 3886 ef.
243 3819 343 3887 Vopisc.
361 3824 429 3874 Aur.
449 3823 492 3883 39,
512 3825 529 3875 7
534 3842 541 3887 ;
564 3821 687 3878 retinere
708 3824 793 3877 eea
810 3825 844 3894 cf.
862 3824 950 3876 adnot.
968 3823 1004 3875 ad
1020 3823 1071 3877 III.
1082 3824 1120 3876 18
1136 3823 1147 3891 ll
1163 3827 1196 3876 82
1207 3814 1360 3888 imperavit

180 3919 269 3960 annos
288 3902 420 3972 quinque,
438 3921 547 3960 menses
569 3922 618 3961 1111
631 3913 695 3976 post
712 3908 811 3964 referri
828 3910 888 3962 add.
906 3909 923 3960 t
942 3910 977 3978 cf.
996 3925 1018 3959 w
1033 3925 1060 3977 p.
1079 3909 1145 3976 382,
1163 3908 1228 3963 383.
