3050 4292
658 189 875 256 evracrus.
894 201 942 254 111
1247 209 1250 215 ·
1344 201 1383 263 11

212 379 244 439 01
265 376 298 439 in
320 375 464 440 Africam
485 377 608 441 missus.
654 378 705 440 cui
727 376 795 440 viro
819 375 959 439 divinum
981 373 1132 457 quiddam
1154 373 1257 435 inesse
1280 370 1419 436 existi-r
1444 428 1451 437 .

209 461 366 540 mabatur,
389 461 468 524 adeo
491 466 528 524 ut
549 466 717 546 putaretur
738 462 836 525 etiam
851 483 924 524 cum
939 458 1121 523 numinibus
1135 457 1253 520 habere
1269 477 1386 521 sermo·

209 569 291 610 nem.
334 546 361 610 is
383 547 417 610 in
438 546 548 610 Africa
571 553 681 611 contra
703 546 902 624 Hannonem,
929 546 1042 608 ducem
1063 542 1225 620 Afrorum,
1251 545 1418 625 pugnata

211 631 384 696 exercitum
407 632 473 695 eius
495 632 656 697 interficit.
689 632 828 695 secundo
850 631 971 714 proelio
987 633 1091 693 castra
1106 629 1191 711 capit
1206 650 1278 691 cum
1293 630 1386 708 quat·
1521 702 1522 705 Ἴ

185 722 284 784 atuor
305 717 434 780 milibus
458 720 490 780 et
513 717 695 802 quingentis
714 716 878 793 militibus,
900 731 940 783 xl
963 715 1091 778 milibus
1114 713 1232 777 occisis
1264 711 1385 795 Sypha·
1403 730 1420 777 4

212 824 290 880 cem,
312 802 481 867 Numidiae
503 824 620 886 regem,
643 803 753 886 quise
775 801 863 864 Afris
883 800 1098 875 coniunxerat,
1120 798 1205 881 capit
1227 802 1259 861 et
1281 800 1385 860 castra
1414 850 1419 857 .

211 888 278 951 eius
304 887 432 951 invadit.
465 887 593 972 Syphax
616 911 688 952 cum
709 886 916 951 nobilissimis
937 885 1084 950 Numidis
1107 889 1139 948 et
1160 882 1291 947 infinitis
1314 904 1386 964 spo·

209 972 260 1036 liis
283 971 418 1035 Romam
440 997 458 1036 a
478 972 624 1056 Scipione
646 973 791 1038 mittitur.
823 994 887 1055 qua
908 994 954 1036 10·
966 971 1074 1034 audita
1097 969 1198 1032 omnis
1212 968 1279 1032 fere
1293 966 1386 1031 Italia
1404 989 1419 1035 0

210 1056 423 1121 Hannibalem
446 1059 569 1122 deserit.
604 1059 672 1142 ipse
696 1082 715 1122 a
738 1056 1054 1142 Carthaginiensibus
1076 1055 1178 1118 redire
1196 1055 1229 1116 in
1243 1052 1386 1116 Africam

171 1143 347 1222 loiubetur,
370 1165 464 1226 quam
487 1143 593 1228 Scipio
615 1144 771 1209 vastabat.
927 1144 931 1155 '
1472 1212 1476 1218 ,

295 1226 344 1292 Ita
376 1251 458 1293 anno
487 1231 622 1313 septimo
646 1229 767 1294 decimo
790 1228 831 1291 ab
853 1225 1034 1291 Hannibale
1056 1225 1150 1290 ltalia
1171 1223 1308 1287 liberata
1330 1224 1448 1292 estal'

210 1313 311 1398 legati
333 1312 642 1400 Carthaginiensium
664 1337 776 1399 pacem
798 1337 817 1377 a
839 1312 988 1397 Scipione
1009 1312 1198 1396 petiverunt.
1230 1308 1270 1371 ab
1293 1330 1331 1372 00
1347 1307 1387 1371 ad

212 1402 357 1463 senatum
379 1399 515 1464 Romam
537 1400 623 1465 missi
647 1405 728 1465 sunt.
773 1399 986 1484 quadraginta
1009 1402 1041 1462 ct
1057 1397 1196 1485 quinque
1213 1393 1324 1458 dicbus
1339 1393 1420 1458 ina

211 1485 318 1549 dutiae
342 1485 433 1550 datae
455 1490 538 1564 sunt,
561 1508 725 1570 quousque
748 1487 794 1550 ire
815 1484 952 1548 Romam
974 1488 1006 1548 01
1027 1481 1154 1567 regredi
1175 1483 1313 1564 possent.
1356 1483 1389 1542 01

170 1570 342 1654 ratriginta
373 1571 461 1637 milia
492 1573 598 1655 pondo
632 1573 755 1656 argenti
779 1572 818 1636 ab
840 1570 891 1634 his
914 1573 1045 1653 accepta
1067 1571 1149 1632 sunt.
1194 1569 1324 1629 senatus
1346 1580 1387 1626 ex
1418 1591 1422 1597 ·

210 1655 341 1720 arbitrio
351 1654 508 1739 Scipionis
522 1680 634 1742 pacem
648 1657 739 1721 iussit
755 1680 828 1722 cum
842 1654 1157 1742 Carthaginiensibus
1172 1651 1249 1715 fieri.
1280 1648 1386 1730 Scipio
1404 1668 1419 1715 3

208 1741 258 1808 his
275 1741 512 1806 condicionibus
530 1743 624 1822 dedit,
646 1765 685 1807 ne
702 1742 838 1826 amplius
854 1764 949 1825 quam
964 1741 1096 1826 triginta
1110 1759 1206 1802 naves
1220 1735 1384 1811 haberent,

209 1826 444 1974 utdquingenta
474 1827 562 1892 milia
588 1829 694 1912 pondo
717 1828 843 1912 argenti
866 1828 993 1906 darent,
1016 1825 1157 1908 captivos
1180 1827 1212 1886 01
1233 1820 1385 1906 perfugas

210 1933 244 1974 10
289 1916 386 1976 010111.

167 2017 200 2064 ao
293 1994 426 2060 Interim
448 1997 627 2062 Hannibale
658 1999 804 2062 veniente
835 1998 876 2060 ad
902 1996 1044 2060 Africam
1075 2017 1138 2078 pax
1168 1993 1298 2057 turbata
1330 1993 1426 2066 est,22

210 2080 312 2154 multa
333 2080 463 2145 hostilia
486 2082 525 2145 ab
548 2081 635 2146 Afris
657 2082 743 2146 facta
766 2087 848 2147 sunt.
891 2082 991 2166 legati
1007 2085 1115 2144 tamen
1131 2100 1240 2142 corum
1256 2099 1295 2140 ex
1308 2074 1421 2145 urben

209 2165 370 2230 venientes
386 2191 404 2230 a
419 2166 571 2230 Romanis
595 2169 679 2250 capti
701 2171 776 2230 sunt
791 2172 823 2230 et
836 2166 966 2230 iubente
982 2164 1128 2314 Scipione
1144 2162 1271 2227 dimissi.
1298 2159 1389 2225 Han-

1253 2248 1260 2261 0

209 2250 299 2316 nibal
321 2274 447 2335 quoque
469 2252 690 2335 frequentibus
711 2251 840 2335 proeliis
862 2251 965 2315 victus
987 2275 1006 2314 a
1052 2249 1174 2332 cipione
1196 2251 1277 2332 pett
1292 2247 1389 2311 etiam

209 2339 277 2420 ipse
303 2359 422 2422 pacem.
468 2359 540 2401 oum
562 2342 692 2402 ventum
706 2341 800 2401 esset
822 2337 862 2401 ad
885 2336 1087 2420 colloquium,
1109 2335 1211 2399 isdem
1233 2332 1388 2398 condicio·

167 2423 306 2491 1511110110
338 2423 412 2487 data
444 2427 492 2487 est
514 2423 631 2506 quibus
653 2423 755 2506 prius,
789 2423 904 2487 additis
927 2420 1110 2508 quingentis
1132 2419 1260 2484 milibus
1280 2420 1388 2503 ¹pondo
1423 2491 1426 2497 ff

211 2508 336 2592 argenti
358 2504 488 2573 centum
507 2509 635 2573 milibus
657 2509 813 2572 librarum
833 2511 964 2591 propter
977 2529 1093 2571 novam
1107 2505 1280 2589 perfidiam.
1313 2503 1389 2568 Car-

209 2591 463 2677 thaginiensibus
480 2594 679 2658 condiciones
695 2594 923 2678 displicuerunt
937 2593 1159 2675 iusseruntque
1173 2589 1389 2653 Hannibalem

210 2698 362 2760 pugnare.
406 2678 539 2742 infertur
562 2678 739 2762 aScipione
763 2684 795 2743 01
809 2678 986 2757 Masinissa,
1004 2677 1066 2742 alio
1081 2698 1158 2762 rege
1168 2675 1389 2755 Numidarum,

211 2761 268 2844 qui
291 2762 461 2826 amicitiam
484 2785 557 2826 cum
579 2763 723 2846 Scipione
745 2764 873 2841 fecerat,
896 2762 1082 2847 Carthagini
1103 2761 1230 2826 bellum.
1266 2759 1389 2824 Hanni·
1419 2774 1423 2786 '

169 2868 201 2915 30
210 2846 266 2910 bal
287 2851 352 2910 tres
376 2848 589 2930 exploratores
613 2849 652 2912 ad
674 2849 830 2932 Scipionis
853 2852 956 2912 castra
978 2848 1072 2926 misit,
1095 2867 1175 2930 quos
1198 2850 1308 2930 captos
1323 2844 1388 2910 Sci·

210 2932 264 3015 pio
287 2930 480 2996 circumduci
502 2955 558 3016 per
580 2937 684 2997 castra
706 2934 798 2998 iussit
821 2934 1008 3016 ostendique
1023 2933 1073 2996 his
1087 2937 1191 2997 totum
1206 2932 1387 3008 exercitum,

209 3040 286 3082 mox
308 3017 404 3082 etiam
426 3019 595 3100 prandium
619 3019 685 3082 dari
700 3018 889 3102 dimittique,
912 3023 950 3082 ut
971 3019 1191 3100 renuntiarent
1212 3016 1387 3080 Hannibali

211 3125 294 3187 quae
318 3103 403 3186 apud
425 3101 587 3167 Romanos
610 3104 770 3168 vidissent.

296 3187 423 3252 Interea
444 3189 601 3273 proelium
624 3189 663 3252 ab
685 3194 821 3272 utroque
845 3189 923 3254 duce
938 3190 1129 3254 instructum
1145 3192 1200 3266 est,
1224 3187 1319 3270 quale
1334 3186 1431 3259 vix23

170 3271 278 3338 3011110
308 3275 462 3338 memoria
492 3275 567 3352 fuit,
599 3297 671 3338 cum
697 3267 880 3358 peritissimi
900 3275 960 3338 viri
982 3275 1088 3357 copias
1111 3295 1185 3337 suas
1209 3273 1248 3336 ad
1269 3272 1389 3337 bellum

212 3358 389 3423 educerent.
417 3359 539 3444 'Scipio
570 3361 671 3425 victor
698 3361 817 3425 recedit
849 3381 948 3443 paene
974 3360 1043 3443 ipso
1075 3357 1255 3423 Hannibale
1288 3362 1423 3442 capto,2

283 3550 297 3598 3
324 3543 348 3597 10
376 3544 405 3598 in
424 3544 540 3598 africam
564 3545 688 3609 transiit,
712 3546 873 3599 hannonem
897 3544 996 3599 ducem
1025 3544 1148 3598 afrorum
1176 3545 1270 3612 priore
1292 3559 1391 3612 pugna

212 3627 370 3692 interfecit,
396 3630 547 3684 exercitum
572 3630 630 3686 eius
653 3629 849 3684 internecione
871 3631 942 3684 vicit
963 3647 1043 3697 prop.
1067 3634 1093 3684 ὁι
1110 3647 1140 3697 p.
1165 3631 1249 3696 01111
1270 3626 1389 3682 410101·

211 3713 274 3768 ficit
291 3715 404 3781 scripsr‘;
414 3714 558 3769 interfecit
570 3717 636 3768 cdd
649 3717 657 3783 11
677 3717 755 3784 capit
774 3718 869 3781 Cl'dp.
888 3716 1024 3783 10001111
1041 3716 1085 3766 dd
1105 3716 1115 3781 ΙΙ
1138 3722 1169 3767 14
1183 3715 1250 3766 sunt
1268 3714 1377 3779 11011111

213 3808 244 3854 15
263 3799 307 3853 his
327 3800 421 3860 11,·10
441 3803 459 3852 d
479 3802 488 3866 11
511 3806 541 3853 21
561 3802 666 3870 tamen]
680 3800 767 3869 igitur
780 3805 829 3868 dp.
849 3804 888 3852 21)
910 3803 918 3869 Η
942 3805 973 3853 12
993 3804 1022 3854 01
1040 3799 1104 3864 clad,
1123 3800 1173 3851 dcl.
1192 3799 1256 3864 lap.
1275 3800 1326 3855 42;
1339 3797 1386 3850 sed

209 3888 322 3952 propd
339 3902 363 3952 p.
382 3887 421 3937 20
454 3887 463 3952 ΙΙ
485 3891 515 3938 31
536 3883 579 3938 his
599 3887 657 3946 ct;
675 3887 715 3940 eis
735 3889 758 3939 d.
