3050 4292
593 177 808 234 RVTROPlVS.
833 181 894 237 llll.
922 201 926 209 ⁴
1290 187 1331 250 27

146 350 307 498 ρὸεὲεεειω
328 352 573 450 famen-coniecit
596 356 628 416 et
651 376 669 415 a
693 354 760 417 solo
793 354 914 434 evertit,
943 354 1100 438 reliquam
1129 357 1327 439 provinciam

145 457 179 498 111
198 547 201 552 ’
224 437 518 607 1111111θ1ι1611111111016
531 509 672 599 Attalus,
694 545 751 587 rex
767 523 872 603 Asiae,
893 524 1163 604 fraterBumenis
1179 495 1364 600 mortuus18

146 609 194 669 est
224 606 437 690 heredemque
466 607 621 690 populum
643 606 825 672 Romanum
846 609 984 693 reliquit.
1036 611 1082 675 ita
1105 611 1239 695 imperio
1262 610 1325 676 Ro·

121 712 241 759 amano
264 715 321 774 per
343 696 571 757 testamentum
592 692 670 757 Asia
693 693 834 757 accessit.

232 777 310 842 Mox
339 777 378 840 D.
409 775 519 841 Iunius
550 777 671 855 Brutus
703 779 741 843 de
773 776 924 844 Callaecis
955 783 987 844 et
1017 780 1176 845 Lusitanis
1205 796 1369 867 magnale

136 862 249 948 gloria
280 861 495 945 triumphavit.
548 867 580 926 et
600 862 635 927 P.
658 862 763 947 Scipio
786 862 956 928 Africanus
983 863 1249 932 de-Numantinis
1277 881 1377 938 se-a'

14 1024 19 1030 f
144 948 283 1096 qunqufiqr
301 947 499 1032 triumphum
518 948 584 1034 egit
606 953 720 1032 quarto
744 949 867 1014 decimo
890 971 973 1014 anno
994 955 1167 1034 postquam
1186 953 1326 1036 priorem

14 1037 17 1070 ³
166 1055 183 1096 e
265 1032 312 1096 'ca
334 1055 350 1096 e
375 1037 450 1097 erat.
1183 1076 1188 1083 ·

102 1137 134 1185 10
228 1053 504 1183 Motumginterim
525 1119 559 1182 in
580 1117 658 1184 Asia
681 1119 801 1183 bellum
824 1124 872 1184 est
894 1119 934 1184 ab
960 1120 1150 1200 Aristonico,
1170 1121 1366 1196 Eumeniszo

14 1269 16 1274 ,
143 1201 222 1281 filio,
254 1203 309 1286 qui
339 1203 575 1268 exconcubina
606 1209 770 1288 susceptus
800 1205 914 1270 fuerat.
956 1205 1008 1269 hic
1033 1205 1194 1271 Eumenes
1224 1207 1324 1272 stater

141 1287 245 1352 Attali
265 1288 378 1353 fuerat.
423 1289 572 1354 adversus
595 1311 669 1353 eum
690 1290 805 1354 missus
827 1289 863 1354 P.
885 1290 1025 1355 Licinius
1044 1290 1176 1356 Crassus
1198 1292 1323 1356 infinita

140 1395 255 1458 regum
274 1373 389 1438 habuit
411 1373 542 1451 auxilia;
564 1397 639 1439 nam
661 1378 693 1438 et
715 1374 886 1459 Bithyniae
914 1398 971 1440 rex
992 1375 1181 1442 Nicomedes
1203 1376 1348 1442 Roma·⁴

139 1480 198 1523 nos
220 1459 301 1523 iuvit
323 1463 356 1523 et
376 1457 578 1524 Mithridates
600 1458 761 1538 Ponticus,
784 1482 858 1524 cum
883 1483 947 1544 quo
974 1461 1094 1526 bellum
1115 1468 1228 1547 postea
1249 1485 1324 1548 gra-

98 1543 303 1613 levissimum
325 1544 395 1623 fuit,
420 1549 452 1610 et
466 1543 653 1610 Ariarathes
669 1544 841 1629 Cappadox
855 1550 887 1611 et
901 1545 1109 1630 Pylaemenes
1124 1547 1324 1632 Paphlagon.

138 1629 241 1694 victus
264 1634 441 1696 esttamen
464 1629 595 1695 Crassus
619 1631 707 1695 etin
751 1631 851 1696 roelio
874 1631 1068 1696 interfectus.
1105 1638 1201 1717 caput
1223 1633 1323 1716 ipsius

139 1713 320 1780 Aristonico
344 1716 488 1780 oblatum
510 1720 567 1794 est,
590 1737 704 1800 corpus
727 1654 881 1800 Bmymae
904 1717 1071 1801 sepultum.
1112 1722 1223 1801 postea
1245 1717 1356 1786 Per-a

139 1822 244 1883 penna
259 1800 370 1866 consul
384 1800 556 1880 Romanus,
572 1801 628 1884 qui
643 1823 806 1866 successor
821 1802 933 1867 Crasso
949 1802 1104 1882 veniebat
1120 1803 1228 1868 audita
1246 1803 1322 1867 belli

139 1883 268 1950 fortuna
300 1885 340 1948 ad
361 1885 473 1950 Asiam
504 1885 653 1951 celeravit
684 1891 716 1951 et
747 1887 814 1952 acie
844 1888 965 1952 victum
991 1887 1208 1952 Aristonicum
1238 1890 1324 1973 apud

97 1989 129 2036 20
140 1967 341 2034 Stratonicen
364 1970 532 2048 ciuitatem,
556 1991 618 2052 quo
642 1971 838 2057 confugerat,
859 1973 944 2038 fame
967 1973 1006 2037 ad
1030 1973 1223 2038 deditionem
1238 1995 1322 2038 com-

138 2052 229 2137 pulit.
273 2052 473 2118 Aristonicus
495 2055 583 2118 iussu
606 2059 733 2119 senatus
756 2055 877 2121 Romae
899 2058 932 2121 in
956 2079 1080 2122 earcere
1103 2058 1321 2143 shangulatus

139 2141 195 2202 est.
242 2138 432 2223 triumphari
454 2140 538 2204 euim
561 2139 598 2204 de
622 2161 659 2204 eo
681 2160 747 2204 non
768 2145 908 2225 poterat,
939 2143 1013 2226 quia
1040 2141 1210 2227 Perpenna
1236 2144 1321 2227 apud

137 2221 331 2308 Pergamum
353 2224 490 2289 Romam
512 2225 636 2289 rediens
659 2225 744 2290 diem
766 2227 897 2291 obierat.

223 2309 256 2375 L.
278 2308 415 2382 Caecilio
438 2309 568 2375 Metello
593 2315 625 2374 et
647 2309 682 2374 Τ.
705 2310 835 2388 Quintio
848 2311 1028 2376 Flaminino
1045 2313 1228 2377 consulibus
1244 2311 1363 2384 oar-ar

94 2393 237 2480 cathago
257 2395 292 2458 in
313 2394 424 2460 Africa
445 2396 534 2460 iussu
565 2399 693 2460 senatus
714 2402 863 2482 reparata
894 2402 950 2475 est,
980 2420 1062 2482 quae
1094 2420 1178 2462 nunc
1200 2403 1334 2477 manet,-

138 2481 229 2543 annis
260 2480 383 2545 duobus
415 2486 447 2546 et
477 2481 593 2565 viginti
623 2485 797 2566 postquam
830 2505 849 2546 a
880 2481 1026 2567 Scipione
1057 2484 1164 2548 fuerat
1197 2506 1315 2563 eversa.

139 2563 266 2628 deducti
287 2587 324 2630 eo
347 2571 421 2631 sunt
443 2567 527 2631 cives
549 2566 694 2632 Romani.

223 2648 318 2714 Anno
342 2652 563 2716 sescentesimo
586 2652 756 2716 vicensimo
788 2653 922 2736 septimo
954 2653 994 2718 ab
1025 2654 1104 2718 urbe
1136 2655 1264 2719 condita
1285 2651 1364 2719 (122

137 2732 265 2798 Cassius
287 2735 450 2821 Longinus
469 2740 501 2800 et
515 2735 585 2800 Sex.
600 2736 761 2802 Domitius
777 2737 926 2802 Calvinus
942 2739 1086 2804 consules
1101 2738 1201 2804 Gallis
1216 2745 1320 2804 trans·

103 2842 135 2888 ao
145 2819 261 2904 alpinis
276 2819 396 2884 bellum
411 2821 589 2885 intulerunt
604 2825 635 2885 et
649 2819 865 2886 Arvernorum
878 2828 956 2887 tunc
968 2823 1184 2888 nobilissimae
1199 2824 1322 2890 civitati

138 2909 234 2990 atque
258 2927 368 2970 eorum
392 2906 463 2971 duci
485 2905 608 2970 Bituito
630 2906 851 2991 infinitamque
865 2908 1103 2973 multitudinem
1124 2909 1215 2974 iuxta
1229 2909 1317 2974 Rho·

139 2990 256 3055 danum
287 2991 421 3055 fluvium
450 2991 685 3056 interfecerunt.
734 2993 853 3076 praeda
886 3016 924 3058 ex
954 2994 1122 3077 torquibus
1153 2993 1318 3061 Gallorum

138 3074 251 3159 ingens
273 3076 411 3142 Romam
430 3076 554 3161 perlata
577 3080 633 3140 est.
663 3076 805 3143 Bituitus
827 3100 861 3142 se
882 3078 1024 3143 Domitio
1048 3079 1135 3144 dedit
1157 3085 1253 3164 atque
1276 3080 1317 3145 ab

141 3180 183 3306 eq
199 3160 335 3226 Romam
357 3163 509 3227 deductus
525 3165 581 3243 est,
604 3183 785 3247 magnaque
807 3164 912 3248 gloria
927 3164 1071 3229 consules
1087 3163 1181 3228 ambo
1204 3167 1317 3230 trium-

96 3265 160 3327 35p
183 3251 323 3310 averrmt.
725 3259 729 3266 '

225 3329 267 3394 M.
290 3331 402 3398 Porcio
426 3333 544 3399 Getone
562 3338 594 3398 et
608 3333 643 3411 Q.
659 3333 779 3398 Marcio
795 3332 883 3418 Rege
900 3335 1082 3399 consulibus
1097 3336 1361 3408 sescentesimodt

145 3469 347 3478 ...—---——-..

212 3521 226 3567 6
247 3511 333 3568 etiam
347 3523 409 3584 post
431 3536 497 3573 mox
521 3522 580 3572 incl.
602 3521 630 3583 le,
654 3536 703 3573 orn.
726 3521 744 3572 d
768 3523 802 3587 es.
831 3521 888 3586 lp.
907 3522 969 3583 841,
991 3537 1013 3572 m
1030 3538 1059 3588 p.
1078 3523 1130 3574 517
1151 3523 1161 3588 ΙΙ
1185 3522 1320 3590 gallaecis

139 3602 156 3651 le
180 3600 189 3668 ΙΙ
213 3608 244 3655 10
261 3599 369 3654 bellum
387 3605 431 3656 est
453 3605 473 3656 G
489 3605 509 3656 θ
524 3606 548 3668 le,
568 3607 614 3658 est
631 3622 679 3659 our.
697 3607 715 3658 d
736 3607 745 3675 ΙΙ
770 3613 799 3660 15
820 3604 956 3660 ariarates
974 3607 991 3657 lr
1012 3607 1022 3673 11
1045 3614 1074 3659 11
1100 3623 1247 3675 perpenna
1267 3609 1325 3659 AC

141 3687 171 3749 d;
190 3687 364 3754 perpetuale
388 3688 398 3754 ΙΙ
421 3694 452 3742 15
470 3688 501 3742 in
520 3688 609 3743 africa
627 3707 641 3742 c
659 3691 675 3742 1
693 3694 711 3744 d
728 3695 763 3760 cf.
787 3691 896 3742 Orosius
914 3693 938 3754 5,
957 3692 1000 3753 12,
1019 3693 1049 3750 1;
1067 3691 1097 3742 in
1115 3691 1205 3744 africa
1223 3707 1272 3744 om.
1291 3694 1320 3752 P,

140 3772 191 3824 dcl.
212 3773 239 3827 15¹
256 3787 283 3836 p.
302 3772 362 3835 647,
382 3774 437 3848 648
458 3775 468 3840 ΙΙ
489 3780 520 3827 27
542 3791 575 3828 eo
598 3776 688 3828 GBP
702 3777 718 3828 h
737 3779 753 3832 d
771 3794 800 3844 p.
819 3778 855 3827 18
879 3791 927 3828 one
945 3777 964 3827 d
984 3777 994 3843 ΙΙ
1016 3783 1047 3830 33
1068 3774 1144 3830 dedit
1164 3791 1178 3827 c
1196 3780 1230 3843 cs.
1254 3794 1276 3827 nr
1290 3793 1321 3843 p.

142 3859 212 3915 390;
231 3856 344 3911 dedidit
362 3859 413 3910 dd.
