3050 4292
606 195 821 251 uvraoervs.
848 196 881 250 v.
1293 155 1338 263 31*

156 375 301 456 equitum
322 395 359 437 ac
380 372 532 457 peditum,
562 396 621 458 per
643 395 738 457 quem
761 373 858 438 etiam
878 372 1002 458 reliqua
1023 372 1157 440 Graecia
1178 381 1334 460 occupata

156 466 211 525 est.
256 457 345 525 Sulla
365 458 559 523 Archelaum
581 461 665 544 apud
686 457 835 523 Piraeum
857 481 922 524 non
942 460 1039 546 longe
1061 461 1101 525 ab
1116 460 1251 526 Athenis
1273 462 1365 526 oba

156 547 238 609 sedit
258 544 408 628 ipsasque
429 543 574 610 Athenas
604 546 695 628 cepit.
737 550 850 626 postea
875 545 1043 610 commisso
1068 546 1191 629 proelio
1219 551 1363 611 contras

153 629 348 695 Archelaum
363 631 409 694 ita
424 655 496 697 eum
510 633 594 711 vicit,
616 638 653 697 ut
675 653 713 696 ex
736 637 809 691 CXX
830 630 958 694 milibus
979 631 1033 695 vix
1048 632 1157 696 decem
1171 631 1330 697 Archelao

129 717 543 867 obluperessentffilbrbbllaate
554 718 772 866 exercitutXlll
781 720 907 864 tabbum
915 715 1059 865 htomddllis
1068 717 1330 866 inltertiicerentur.

177 823 279 865 acu
326 824 345 864 a
534 825 567 867 es
599 822 873 868 comaseva
944 825 963 865 a
1054 825 1331 867 aecissimaex

152 823 410 952 AsiapArgdhelao
431 889 526 966 misit,
549 825 660 954 contr}
682 909 778 971 quem
792 823 928 950 llerudrm
923 885 1012 950 Sulla
1027 889 1192 952 commisit.
1227 889 1329 972 primo

152 971 273 1054 proelio
297 971 478 1053 quindecim
498 974 587 1038 milia
601 973 742 1038 hostium
756 971 924 1036 interfecta
946 977 1020 1036 sunt
1035 977 1067 1037 et
1081 971 1164 1036 filius
1179 972 1329 1038 Archelai

151 1055 325 1140 Diogenes;
349 1059 486 1123 secundo
509 1080 618 1124 omnes
631 1057 835 1131 Mithridatis
850 1057 959 1141 copiae
975 1057 1149 1122 exstinctae
1165 1063 1247 1138 sunt,
1268 1057 1330 1122 Ar-

111 1139 282 1205 10chelaus
304 1142 372 1225 ipse
395 1144 500 1208 triduo
531 1144 635 1208 nudus
665 1145 699 1208 in
730 1142 900 1227 paludibus
921 1143 1023 1206 latuit.
1067 1142 1127 1206 hae
1156 1166 1191 1207 re
1222 1145 1330 1208 audita

150 1223 353 1292 Mithridates
374 1228 469 1294 iussit
491 1251 563 1293 cum
586 1228 674 1294 Sulla
697 1229 735 1292 de
757 1250 835 1312 pace
858 1228 920 1313 agi.

236 1310 367 1376 hiterim
389 1336 426 1378 eo
457 1319 598 1398 tempore
621 1313 710 1379 Sulla
741 1315 838 1378 etiam
858 1313 1024 1377 Dardanos
1046 1312 1227 1378 Scordiscos
1249 1314 1354 1378 Dal-7

149 1401 252 1460 metas
275 1401 307 1462 et
327 1397 457 1464 Maedos
479 1401 596 1483 partim
617 1400 700 1478 vicit,
722 1399 801 1464 alios
823 1401 856 1462 in·
877 1397 973 1462 fidem
1000 1400 1128 1482 accepit.
1171 1399 1227 1463 sed
1249 1411 1354 1463 cuma

149 1480 289 1567 legatia
320 1506 395 1570 rege
417 1484 615 1564 Mithridate,
647 1486 702 1569 qui
723 1506 835 1569 paoem
865 1485 1028 1568 petebant,
1058 1485 1232 1563 venissent,
1263 1507 1328 1551 non

108 1566 243 1632 15aliter
264 1591 307 1638 se¹
321 1570 469 1634 daturum
482 1569 570 1644 Sulla
593 1593 660 1635 esse
682 1571 853 1654 respondit,
875 1569 938 1632 nisi
951 1591 1008 1633 rex
1022 1568 1141 1633 relictis
1162 1569 1221 1648 his,
1243 1592 1325 1653 quae

153 1658 371 1737 occupaverat,
395 1655 436 1719 ad
456 1678 591 1740 regnum
614 1679 706 1720 suum
729 1656 870 1720 redisset.
906 1659 1017 1738 postea
1038 1658 1146 1719 tamen
1169 1654 1209 1718 ad
1231 1655 1327 1720 collo·

149 1739 236 1820 quim
259 1740 352 1804 ambo
374 1746 536 1806 venerunt.
579 1764 642 1824 pax
672 1743 754 1805 inter
785 1762 838 1805 eos
862 1740 1008 1804 ordinata
1030 1744 1090 1819 est,
1116 1744 1154 1804 ut
1175 1739 1264 1804 Sulla
1286 1741 1328 1804 ad

149 1822 268 1886 bellum
300 1825 391 1890 civile
422 1827 617 1890 festinansa
646 1831 737 1911 tergo
768 1825 944 1908 periculum
973 1847 1037 1889 non
1067 1825 1207 1896 haberet.
1250 1847 1358 1900 nam3

149 1907 225 1971 dum
256 1907 344 1973 Sulla
373 1911 406 1974 in
436 1910 558 1975 Achaia
589 1917 684 1994 atque
711 1911 790 1975 Asia
820 1910 1026 1975 Mithridaten
1052 1904 1161 1989 vincit',
1192 1910 1322 1990 Marius,

106 2009 139 2056 10
150 1994 205 2074 qui
227 1993 357 2078 fugatus
380 2000 457 2072 erat,
479 2001 511 2060 et
533 1996 695 2060 Cornelius
718 1995 818 2060 Cinna
839 2019 920 2060 unus
943 2017 982 2059 ex
1004 1995 1185 2060 consulibus
1207 1996 1327 2060 bellum

148 2077 182 2139 in
206 2077 298 2141 ltalia
328 2085 555 2162 reparaverunt
586 2086 618 2145 et
647 2081 782 2165 ingressi
812 2080 924 2144 urbem
946 2080 1082 2144 Romam
1111 2079 1326 2145 nobilissimos

150 2185 167 2228 e
190 2167 302 2226 senatu
326 2168 357 2229 et
379 2163 559 2228 consulares
574 2166 659 2230 viros
674 2165 909 2250 interfecerunt,
930 2165 1048 2230 multos
1063 2165 1326 2249 proscripserunt,

148 2247 248 2332 ipsius
261 2247 367 2313 Sullae
384 2249 477 2314 domo
494 2272 602 2314 eversa
615 2250 697 2314 filios
713 2255 745 2314 et
758 2271 892 2314 uxorem
913 2250 954 2314 ad
967 2249 1080 2334 fugam
1095 2250 1323 2334 compulerunt.

147 2333 314 2398 universus
337 2335 479 2420 reliquus
501 2340 629 2400 senatus
653 2358 691 2400 ex
712 2337 792 2400 urbe
814 2335 941 2420 fugiens
968 2335 1009 2398 ad
1024 2334 1144 2398 Sullam
1171 2335 1204 2399 in
1226 2333 1358 2409 Grae-4

104 2418 229 2484 asciam
250 2419 337 2484 venit
359 2443 461 2500 orans,
484 2425 520 2485 ut
541 2421 663 2505 patriae
686 2421 877 2485 subveniret.
920 2421 974 2484 ille
995 2421 1029 2483 in
1050 2419 1178 2485 ltaliam
1199 2421 1324 2485 traiecit

146 2503 267 2568 bellum
290 2505 379 2570 civile
395 2510 543 2590 gesturus
558 2506 708 2571 adversus
723 2505 913 2592 Norbanum
928 2509 960 2570 et
975 2504 1155 2590 Scipionem
1170 2505 1324 2570 consules

145 2588 248 2672 primo
270 2590 391 2672 proelio
413 2597 524 2656 contra
550 2591 740 2656 Norbanum
771 2592 932 2656 dimicavit
952 2613 1018 2655 non
1044 2590 1141 2676 longe
1167 2615 1186 2655 a
1208 2589 1325 2675 Capua.

146 2677 216 2737 tum
238 2695 294 2736 sex
315 2675 402 2738 milia
426 2677 493 2740 eius
516 2677 636 2756 cecidit,
658 2700 714 2742 sex
736 2677 829 2760 cepit,
853 2684 979 2737 CXXIIII
1002 2698 1076 2740 suos
1100 2677 1212 2741 amisit.
1248 2677 1323 2740 inde

147 2757 243 2821 etiam
266 2758 306 2821 ad
328 2758 508 2844 Scipionem
539 2783 572 2825 se
596 2762 750 2826 convertit
782 2767 814 2826 et
837 2764 910 2825 ante
932 2761 1089 2843 proelium
1119 2767 1224 2826 totum
1254 2763 1322 2833 eius
1355 2831 1359 2836 t

104 2843 320 2910 mexercitum
342 2845 409 2908 sinc
432 2847 642 2930 sanguinein
665 2848 856 2912 deditionem
879 2846 1008 2929 accepit.

232 2927 294 2993 Sed
316 2951 387 2994 cum
400 2930 522 2995 Romae
544 2932 659 2997 mutati
681 2932 825 2997 consules
847 2934 963 3007 essent,
984 2930 1115 3011 Marius,
1128 2930 1211 2996 Mari
1231 2931 1354 3010 filius‚8

146 3035 184 3078 ac
207 3012 354 3100 Papirius
377 3015 479 3080 Carbo
503 3013 703 3081 consulatum
725 3017 927 3100 accepissent,
949 3014 1039 3080 Sulla
1061 3021 1172 3082 contra
1186 3017 1324 3082 Marium

145 3098 303 3164 iuniorem
326 3100 486 3166 dimicavit
509 3105 541 3165 et
562 3109 614 3164 XV
635 3102 763 3166 milibus
780 3103 847 3166 eius
861 3101 972 3167 occisis
995 3107 1082 3162 CCCC
1105 3103 1144 3167 de
1165 3103 1229 3166 suis
1250 3125 1322 3186 per·

147 3183 232 3248 didit.
263 3207 338 3250 mox
353 3187 450 3252 etiam
464 3186 577 3251 urbem
585 3186 746 3272 ingressus
762 3192 819 3252 est.
841 3187 988 3265 Marium,
1003 3185 1086 3250 Mari
1100 3187 1209 3268 filium,
1224 3186 1323 3252 Prae·

103 3271 235 3333 aeneste
257 3276 439 3352 persecutus
462 3272 585 3336 obsedit
608 3276 640 3336 et
662 3273 701 3337 ed
715 3278 851 3338 mortem
865 3272 1027 3360 compulit.
1057 3294 1168 3338 rursus
1181 3296 1226 3357 pu
1272 3297 1323 3338 am

145 3354 367 3437 gravissimam
396 3357 511 3423 habuit
541 3361 652 3422 contra
682 3358 892 3443 lamponium
928 3363 961 3422 et
995 3356 1199 3438 Carrinatem,
1247 3381 1322 3424 noes

144 3438 245 3522 partis
266 3438 437 3522 Marianae,
459 3444 500 3508 ad
521 3447 648 3528 portam
670 3442 833 3509 Collinam.
870 3452 943 3506 LXX
965 3444 1053 3508 milia
1067 3443 1207 3508 hostium
1228 3445 1263 3507 in
1285 3465 1322 3508 eo

214 3631 229 3679 8
247 3623 379 3694 ipsasque
397 3626 515 3681 athenas
534 3628 573 3688 R·
590 3628 667 3697 ipsas
680 3629 802 3684 athenas
819 3631 913 3690 GCd;
931 3628 1008 3698 ipsas
1021 3629 1038 3679 lc
1059 3629 1069 3696 ΙΙ
1091 3635 1105 3681 7
1124 3627 1227 3681 iterum
1248 3627 1320 3681 sulla

83 3709 85 3716 '
143 3709 454 3772 ΑΒ11;11111111111111
474 3713 517 3765 Ct
538 3714 548 3782 11
572 3721 602 3769 13
621 3712 733 3768 maedus
752 3731 823 3768 corr.
841 3714 999 3782 Oudendorp
1016 3717 1052 3767 (cd
1068 3714 1121 3766 Jut.
1145 3709 1321 3781 Obsequ108

142 3796 205 3856 td,·
221 3799 311 3850 metos
330 3797 372 3856 B,·
389 3813 513 3852 moessos
538 3799 559 3851 G
588 3799 597 3866 l
621 3805 651 3852 19
670 3798 709 3866 in]
728 3798 787 3852 iam
810 3800 842 3860 G;
859 3799 916 3853 iam
934 3799 963 3854 in
984 3800 1061 3859 6215
1079 3798 1138 3852 iam
1155 3814 1203 3850 om.
1221 3799 1240 3850 d
1260 3800 1270 3865 l
1291 3804 1324 3850 34

141 3884 292 3948 praeneste
310 3883 329 3934 d
345 3883 380 3950 cf.
403 3883 494 3936 Keller
512 3883 816 3952 nauseantem
837 3887 847 3953 ΙΙ
871 3893 902 3940 37
924 3901 957 3939 eo
976 3901 1030 3939 om.
1048 3885 1073 3938 t.
