3050 4292
652 1023 914 1188 ramnus.

283 1473 319 1531 ln
342 1474 486 1533 contextu
506 1471 693 1550 Eutropiano
717 1468 927 1530 constituendo
952 1467 1135 1543 amplissimo
1157 1467 1306 1547 Droyseni
1328 1469 1373 1543 (in

196 1575 326 1636 editione
359 1562 687 1634 'maiore'Berolinensi
716 1571 798 1648 apud
819 1571 1034 1632 Weidmannos
1057 1591 1081 1633 a.
1107 1567 1203 1646 1879)
1226 1573 1374 1650 apparatu

195 1679 306 1750 critico¹
326 1696 400 1738 usus
434 1697 500 1738 sum
530 1676 733 1736 fundamento.
782 1676 827 1735 Ex
855 1676 992 1735 omnibus
1019 1675 1105 1734 libris
1132 1695 1223 1735 manu
1250 1674 1372 1751 scriptis

195 1779 289 1839 codici
304 1779 457 1854 Euldensi,
482 1791 542 1856 quo
564 1796 639 1838 usus
662 1783 726 1838 erat
746 1779 887 1855 Sylburg,
912 1782 943 1838 et
965 1778 1062 1838 codici
1081 1778 1218 1838 Gothano
1241 1777 1373 1837 maxima

126 1911 129 1918 ¹
195 1885 242 1941 est
263 1882 456 1952 attribuenda
477 1881 651 1955 auctoritas,
674 1881 785 1958 reliqui
806 1880 925 1941 codices
948 1880 1025 1957 (cod.
1047 1880 1200 1940 Leideusis
1225 1883 1255 1940 et
1274 1880 1371 1939 Berti-

192 1985 314 2057 nianuS,
352 1984 417 2045 cod.
448 1983 612 2042 Vaticanus
645 1986 675 2042 et
706 1972 837 2042 codices¹
854 1983 943 2042 Pauli
973 1983 1113 2059 Diaconi)
1143 1982 1267 2042 minoris
1299 1987 1377 2041 sunt

5 2089 7 2099 ¹
77 2138 82 2161 ,
194 2086 348 2145 momenti.
394 2085 491 2154 Quam
512 2085 593 2145 viam
606 2084 819 2163 rationemque
829 2085 862 2144 in
877 2084 1052 2144 adhibendis
1073 2084 1224 2145 codicibus
1240 2083 1367 2155 inierim,

78 2175 81 2249 i
192 2187 250 2247 hoc
278 2188 346 2247 loco
373 2186 510 2262 pluribus
542 2178 641 2246 verbis
674 2187 820 2246 disserere
850 2205 1106 2262 supervacaneum
1136 2186 1209 2244 mihi
1239 2185 1372 2257 videtur,

191 2293 352 2366 propterea
374 2288 456 2366 qnod
477 2289 614 2366 proximo
637 2308 713 2349 anno
735 2289 768 2347 in
788 2288 940 2365 Philologi
962 2289 999 2347 ab
1021 2290 1149 2348 Ernesto
1173 2288 1209 2348 de
1231 2287 1368 2348 Lentscb

136 2380 139 2384 ⁵
193 2392 434 2452 editivolumine
449 2389 542 2452 XLII.
564 2412 594 2468 p.
618 2388 788 2453 379-402
804 2396 836 2451 et
850 2411 880 2468 p.
894 2379 1067 2452 '511—533
1089 2389 1126 2450 de
1147 2391 1203 2450 hac
1225 2410 1257 2450 re
1273 2409 1363 2450 accu-

191 2494 286 2555 ratius
310 2494 470 2572 disputavi.
515 2495 639 2554 Praeter
667 2493 804 2553 codicum
827 2494 1009 2571 optinorum
1031 2494 1196 2573 scripturas
1219 2493 1258 2552 ad
1279 2494 1367 2553 resti-

108 2596 110 2600 ’
192 2598 340 2657 tuendum
365 2597 529 2674 genuinum
554 2595 693 2674 Eutropii
721 2599 895 2657 contextum
922 2615 992 2656 cum
1022 2597 1198 2672 scriptores,
1231 2596 1284 2672 qui
1314 2600 1369 2655 aut

75 2706 79 2750 1
191 2699 331 2774 Eutropii
365 2700 548 2759 breviarium
584 2700 787 2759 adhibuerunt
817 2702 870 2759 ant
900 2698 1008 2778 iisdem
1039 2698 1237 2776 scriptoribus
1271 2701 1363 2775 atque

76 2798 79 2811 '
192 2799 357 2876 Eutropius
372 2800 505 2860 fontibus
520 2801 568 2858 usi
583 2806 663 2874 sunt,
678 2806 745 2860 tum
756 2802 883 2860 maxime
898 2801 1021 2861 Paeanii
1035 2801 1203 2862 versionem
1218 2799 1364 2861 Graecam

42 2882 45 2892 ¹
78 2926 79 2936 ¹
192 2899 352 2978 diligenter
367 2901 506 2961 consului
521 2903 687 2979 etrespexi.'
715 2903 835 2962 Etenim
850 2923 920 2962 cnm
928 2903 1085 2977 Pacemne,
1102 2923 1192 2980 quem
1207 2904 1365 2981 aequalem

190 3005 331 3081 Eutropii
352 3003 444 3063 fuisse
468 3006 595 3077 constat,
618 3004 773 3065 meliorem
788 3025 878 3082 quam
901 3005 953 3084 qni
975 3009 1136 3081 supersunt
1151 3006 1285 3067 codicem
1299 3007 1366 3066 sine
1479 3025 1481 3039 ¹

189 3107 281 3168 dubio
305 3107 499 3179 adhibuisset,
523 3106 639 3166 factum
661 3111 719 3181 est,
741 3111 779 3167 ut
799 3108 958 3179 lectiones,
986 3127 1060 3184 quas
1087 3109 1138 3168 ille
1164 3113 1232 3170 ante
1255 3110 1365 3170 oculos

186 3210 344 3284 habuerat,
371 3209 532 3270 restituere
556 3209 710 3269 studerem
732 3214 763 3269 et
785 3210 988 3288 compluribus
1014 3211 1089 3271 locis
1117 3212 1154 3272 ab
1172 3212 1363 3271 auctoritate

196 3330 311 3385 eorum,
340 3313 392 3391 qui
419 3313 561 3390 Eutropii
587 3312 770 3373 breviarium
795 3312 967 3386 ediderunt,
999 3315 1180 3377 recederem.
1228 3314 1368 3374 Versioni

190 3431 261 3472 vero
282 3414 404 3474 Paeanii
425 3415 521 3476 multo
544 3416 640 3475 maior
660 3415 735 3476 fides
760 3419 840 3476 esset
860 3416 1008 3490 habenda,
1036 3417 1093 3476 nisi
1114 3415 1165 3475 ille
1188 3418 1284 3476 multa
1307 3419 1362 3475 aut

192 3515 354 3576 addidisset
389 3522 442 3577 aut
472 3519 622 3579 omisisset
653 3518 706 3578 sed
737 3521 910 3580 contextum
936 3519 1156 3595 Eutropianum
1191 3518 1286 3595 magis
1324 3518 1365 3577 ad

190 3616 316 3678 verbnm
337 3620 369 3678 iu
393 3619 527 3697 lingnam
551 3620 695 3682 Graecam
716 3621 868 3682 vertisset.
912 3621 1048 3698 Denique
1076 3623 1262 3683 coniecturas
1291 3620 1361 3681 doc·

190 3723 292 3780 torum
313 3721 468 3782 hominnm
490 3723 618 3782 maxima
644 3743 713 3784 curn
741 3742 812 3784 eura
837 3727 1045 3800 perscrutatus
1072 3743 1152 3795 snm,
1181 3723 1359 3800 complutae,

196 3842 274 3899 qnae
296 3841 385 3883 verae
408 3842 472 3885 esse
495 3825 568 3884 mibi
590 3824 782 3900 videbantur,
805 3826 838 3886 in
860 3831 1033 3886 contextum
1054 3826 1215 3887 verborum
1235 3824 1370 3900 recipere

194 3944 256 3985 non
279 3926 424 4001 dubitavi,
447 3947 541 4003 paene
564 3945 680 4003 omnes,
705 3932 739 3989 ut
759 3949 820 3990 uno
842 3930 874 3990 in
897 3933 1060 4006 conspectu
1080 3929 1265 4005 ponerentur
1286 3944 1364 4000 qnae
