3050 4292
633 221 847 277 nvraomvs.
876 223 921 276 vi.
1325 229 1364 291 35

275 395 368 460 Alter
387 402 492 462 autem
508 395 665 474 Lucullus,
688 397 743 480 qui
757 395 979 462 Macedoniam
993 391 1243 475 administrabat,
1258 399 1408 465 Bessis10

190 485 311 566 primus
332 483 548 546 Romanorum
569 481 679 546 intulit
705 482 826 549 bellum
848 487 945 564 atque
968 505 1021 546 eos
1043 483 1168 566 ingenti
1189 483 1310 566 proelio
1333 485 1367 548 in

191 569 314 632 Haemo
344 571 451 632 monte
484 567 651 650 superavit.
704 567 856 650 oppidum
886 566 1114 645 Uscudamam,
1151 569 1237 652 quod
1273 569 1365 634 Bessi

191 654 392 732 habitabant,
415 653 526 716 eodem
549 653 611 729 die,
634 673 697 734 quo
721 652 888 736 adgressus
911 657 970 731 est,
997 653 1084 732 vicit,
1108 652 1246 736 Cabylen
1274 655 1366 738 cepit,

157 759 170 800 a
191 761 292 821 usque
324 739 364 802 ad
394 738 576 801 Danuvium
607 739 795 820 penetravit.
847 738 920 801 inde
951 738 1068 803 multas
1099 762 1197 822 supra
1226 739 1366 805 Pontum

190 825 310 907 positas
333 823 478 887 civitates
494 823 661 906 adgressus
677 827 732 886 est.
777 822 842 886 illic
857 822 1062 906 Apolloniam
1077 825 1198 902 evertit,
1221 825 1367 890 Callatim

191 908 452 990 Parthenopolim
474 908 591 972 Tomos
613 909 758 972 Histrum
779 908 989 972 Buraiaonem
1017 911 1101 993 cepit
1123 909 1270 994 belloque
1293 934 1366 975 con·
1446 945 1456 961 ·

191 997 274 1058 fecto
290 995 425 1058 Romam
446 993 547 1058 rediit.
593 994 685 1058 ambo
700 994 986 1077 triumphaverunt,
1008 998 1115 1058 tamen
1129 994 1289 1074 Lucullus,
1311 999 1367 1080 qui

192 1084 303 1144 contra
328 1078 535 1142 Mithridaten
561 1083 773 1164 pugnaverat,
803 1079 924 1143 maiore
954 1078 1070 1166 gloria,
1101 1102 1171 1143 cum
1202 1085 1364 1146 tantorum

152 1186 365 1250 roregnorum
387 1165 488 1228 victor
509 1165 651 1228 redisset.

276 1249 427 1314 Confecto
463 1250 547 1314 bello
579 1249 795 1328 Macedonico,
832 1254 979 1314 manente
1010 1249 1240 1330 Mithridatico,
1278 1255 1365 1335 quod
1379 1264 1408 1319 ll

190 1336 356 1399 recedente
392 1334 522 1400 Lucullo
558 1358 615 1399 rex
651 1335 792 1398 collectis
830 1334 955 1399 auxiliis
992 1339 1210 1418 reparaverat,
1247 1337 1377 1402 bellum-

192 1419 351 1485 Creticum
382 1423 487 1484 ortum
515 1425 570 1484 est.
623 1421 663 1484 ad
689 1421 722 1484 id
752 1423 867 1484 missus
896 1420 931 1496 Q.
959 1420 1114 1485 Caecilius
1140 1418 1289 1486 Metellus
1320 1422 1367 1486 iu·

191 1505 340 1589 gentibus
362 1507 490 1589 proeliis
512 1506 596 1570 intra
610 1506 783 1570 triennium
798 1528 923 1570 omnem
938 1506 1131 1588 provinciam
1146 1507 1237 1590 cepit,
1259 1509 1367 1591 appel·

151 1591 338 1675 relatusque
362 1594 409 1656 est
424 1590 563 1654 Creticus
585 1596 680 1674 atque
705 1613 744 1654 ex
766 1591 870 1655 insula
884 1591 1101 1675 triumphavit.
1145 1614 1209 1675 quo
1224 1597 1367 1676 tempore
1387 1614 1400 1657 2

190 1677 290 1760 Libya
317 1699 444 1760 quoque
467 1675 611 1740 Romano
638 1676 771 1759 imperio
794 1699 850 1759 per
872 1682 1098 1741 testamentum
1120 1676 1289 1760 Appionis,
1312 1679 1367 1762 qui

190 1784 248 1826 rex
271 1762 337 1825 eius
365 1762 478 1840 fuerat,
507 1762 652 1840 accessit,
678 1763 712 1825 in
739 1783 803 1844 qua
829 1763 955 1826 inclitae
984 1763 1077 1826 urbes
1105 1767 1195 1826 erant
1216 1763 1367 1828 Berenice

191 1846 369 1911 Ptolomais
392 1847 520 1930 Cyrene.

276 1933 362 1996 Dum
383 1933 462 1995 haec
486 1936 652 2015 geruntur,
679 1933 801 2014 piratae
828 1932 935 1996 omnia
962 1932 1062 1996 maria
1088 1933 1284 1997 infestabant
1309 1934 1364 2012 ita,
1373 1946 1409 2004 12

148 2021 227 2086 aui
250 2017 402 2080 Romanis
424 2021 493 2081 toto
515 2017 591 2080 orbe
618 2017 791 2082 victoribus
819 2018 889 2081 sola
909 2018 1071 2102 navigatio
1099 2022 1169 2081 tuta
1190 2040 1255 2081 non
1277 2023 1367 2084 esset.

191 2122 290 2183 quare
317 2102 351 2164 id
376 2101 496 2165 bellum
518 2101 571 2165 Cn.
598 2102 752 2185 Pompeio
780 2104 941 2166 decretum
967 2108 1022 2167 est.
1067 2103 1154 2186 quod
1178 2104 1263 2166 intra
1288 2126 1366 2187 pau·

191 2208 245 2250 cos
266 2208 390 2250 menses
417 2185 541 2271 ingenti
568 2191 600 2250 et
627 2186 779 2251 felicitate
806 2192 838 2250 et
860 2186 1021 2251 celeritate
1049 2187 1193 2252 confecit.
1238 2209 1311 2252 mox
1338 2190 1399 2257 eia

192 2271 334 2335 delatum
365 2271 460 2336 etiam
491 2272 609 2336 bellum
641 2276 751 2336 contra
782 2293 874 2355 reges
901 2273 1109 2337 Mithridaten
1140 2279 1171 2336 et
1198 2273 1365 2357 Tigranen.

191 2379 256 2441 quo
278 2362 425 2440 suscepto
446 2356 653 2422 Mithridaten
680 2357 714 2420 in
735 2356 889 2421 Armenia
915 2358 1037 2422 minore
1063 2362 1218 2422 nocturno
1244 2359 1366 2441 proelio

148 2471 181 2520 25
191 2443 275 2521 vicit,
291 2448 393 2507 castra
410 2442 546 2526 diripuit,
562 2443 776 2526 quadraginta
790 2443 878 2506 milia
894 2443 961 2507 eius
977 2442 1098 2520 occidit,
1114 2443 1229 2528 viginti
1242 2448 1367 2508 tantum

192 2529 230 2591 de
253 2529 392 2592 exercitu
414 2550 471 2592 suo
493 2529 630 2610 perdidit
657 2532 689 2592 et
716 2530 796 2592 duos
819 2529 1027 2592 centuriones.
1070 2528 1271 2592 Mithridates
1294 2551 1400 2599 cuma

192 2633 289 2676 uxore
316 2613 400 2696 fugit
431 2618 463 2676 et
492 2614 615 2677 duobus
642 2614 818 2678 comitibus.
867 2636 970 2697 neque
1001 2614 1102 2678 multo
1128 2619 1200 2697 post
1231 2636 1304 2678 cum
1333 2615 1368 2678 in

193 2718 267 2760 suos
283 2699 425 2776 saeviret,
448 2698 620 2762 Pharnacis
635 2698 693 2762 filii
708 2700 756 2762 sui
779 2700 864 2782 apud
877 2699 993 2764 mihies
1008 2700 1161 2764 seditione
1177 2700 1218 2763 ad
1231 2704 1368 2764 mortem

194 2787 321 2845 coactus
344 2803 499 2846 venenum
521 2783 635 2846 hausit.
678 2783 763 2847 hunc
786 2785 881 2849 finem
902 2785 1015 2849 habuit
1035 2783 1250 2849 Mithridates:
1273 2784 1368 2868 periit

150 2899 182 2947 30
193 2868 278 2951 apud
304 2866 513 2950 Bosphorum.
561 2868 611 2931 vir
636 2867 775 2951 ingentis
800 2869 974 2934 industriae
1005 2869 1191 2954 consiliique
1222 2871 1368 2954 regnavit

192 2953 283 3017 annis
299 2951 474 3035 sexaginta,
488 2953 567 3016 vixit
582 2954 786 3037 septuaginta
801 2954 932 3032 duobus
948 2959 1057 3019 eontra
1072 2955 1233 3020 Romanos
1248 2954 1369 3020 bellum

192 3038 305 3104 habuit
328 3036 418 3101 annis
441 3037 660 3121 quadraginta.
1010 3104 1012 3108 ,

277 3123 409 3207 Tigrani
441 3123 550 3187 deinde
577 3123 746 3207 Pompeius
773 3123 892 3188 bellum
918 3123 1033 3189 intulit.
1080 3124 1135 3189 ille
1165 3147 1199 3190 se
1227 3126 1257 3189 ei
1283 3126 1409 3197 dedita

193 3211 225 3272 et
246 3209 280 3273 in
302 3213 405 3276 castra
426 3207 560 3292 Pompei
581 3213 670 3273 sexto
693 3209 814 3274 decimo
836 3209 972 3275 miliario
996 3210 1036 3274 ab
1051 3209 1208 3275 Artaxata
1229 3211 1318 3276 veuit
1331 3232 1369 3276 ac

261 3399 385 3462 {rusque
404 3394 440 3447 ad
459 3394 610 3449 danuvium
627 3395 688 3447 Bc
707 3397 741 3464 cf.
761 3412 783 3446 rr
798 3412 824 3467 p.
843 3397 909 3459 5183
933 3393 970 3449 ad
987 3412 1035 3450 oni.
1053 3400 1078 3458 A
1095 3397 1149 3449 td
1172 3397 1183 3465 ΙΙ
1204 3404 1219 3450 6
1238 3396 1367 3453 callatim

193 3492 264 3529 core.
279 3478 426 3532 Glareanus
438 3482 462 3544 d,
483 3477 600 3534 celatim
612 3479 629 3531 le
645 3480 655 3547 ΙΙ
673 3485 688 3533 8
701 3482 798 3534 tamen
811 3478 1061 3549 triumphaverunt
1073 3497 1100 3545 e;
1118 3481 1368 3552 triumphaverunt

192 3566 291 3616 tamen
310 3562 450 3618 novamen
468 3567 498 3628 d;
521 3567 582 3619 tum
600 3562 848 3634 triumphaverunt
865 3566 971 3632 Hoeper
992 3566 1021 3631 Ιις
1039 3568 1101 3621 tum
1119 3566 1367 3637 triumphaverunt

192 3646 304 3711 luculli;
327 3647 419 3716 isqui
439 3651 558 3702 Eussner
579 3666 648 3716 spec.
671 3651 730 3704 erit.
748 3668 774 3718 p.
793 3653 830 3702 34
850 3652 888 3720 ef.
906 3651 935 3702 t¹
952 3669 978 3719 p.
1003 3654 1041 3703 86
1061 3654 1072 3721 ll
1095 3660 1126 3706 16
1152 3651 1286 3722 appionis
1304 3668 1319 3704 e
1336 3653 1368 3717 P,

191 3733 483 3801 Hieronpm.o.1954,
503 3737 578 3788 Festi
594 3735 663 3788 trev.
682 3738 729 3800 133
748 3734 859 3804 apionis
882 3737 1048 3790 Colluctari
1066 3739 1085 3788 d
1106 3739 1117 3806 l
1140 3743 1170 3792 19
1188 3737 1368 3792 infestabant

193 3819 249 3872 BC
264 3821 282 3872 d
300 3824 334 3889 ef.
357 3820 372 3872 b
394 3837 419 3888 p.
439 3822 508 3883 8423
531 3819 629 3875 infesti
654 3820 797 3877 tenebant
811 3825 848 3886 A3
871 3819 976 3877 infesta
999 3821 1139 3878 tenebant
1159 3823 1177 3874 Ιι
1197 3825 1208 3890 l
1229 3828 1262 3876 33
1286 3819 1368 3875 dedit

191 3907 257 3974 eef.
277 3922 299 3956 ru
313 3921 339 3972 p,
360 3907 428 3969 3903
447 3903 558 3959 dedidit
574 3906 590 3956 h
609 3908 633 3959 d.

1164 3991 1196 4042 a*
1306 3989 1309 3994 '
