3050 4292
140 289 180 352 22
483 243 485 248 s
573 274 787 342 nunnocrvsi
814 266 876 342 hu

72 459 74 463 ’
140 460 195 542 qui
215 459 355 542 primum
377 481 449 524 cum
471 461 580 525 multis
603 461 772 544 equitibus,
794 462 905 528 deinde
921 485 993 528 cum
1007 463 1130 549 viginti,
1151 469 1314 547 postremo

141 565 213 608 cum
235 550 386 628 quattuor
401 547 509 610 evasit.
540 547 669 610 inventa
691 547 724 610 in
739 548 855 617 castris.
864 547 1054 612 Hannibalis
1069 549 1314 634 argentipondo

108 651 122 698 3
141 629 257 716 viginti
277 631 374 710 milia,
397 632 466 695 auri
489 633 661 780 oootoglinta,
676 637 791 731 ‘cetera
806 634 1009 718 supellectilis
1024 635 1159 732 copiosa.
1192 639 1267 716 post
1281 635 1314 698 id

24 853 26 858 .
138 718 1347 889 iiiifdilglih{llaadibiliiilblhlihaillndllmallll'iif⁵

104 885 197 954 llari
219 891 348 969 coeptus
371 891 426 952 est.
470 887 567 952 finem
589 890 711 972 accepit
734 891 908 954 secundum
929 889 1083 954 Punicum
1105 890 1226 954 bellum
1239 894 1313 974 post

140 993 258 1038 aunum
280 994 400 1036 nonum
424 973 581 1038 decimum
604 997 700 1058 quarn
723 980 878 1057 coeperat.
1077 992 1079 998 ’

626 1165 831 1176 .—...-.-,

505 1245 672 1360 alarin
691 1226 946 1376 ounnrvs

106 1455 121 1512 1
220 1437 393 1504 Transacto
415 1435 536 1504 Punico
567 1437 652 1503 bello
684 1444 828 1504 secutum
859 1443 907 1504 est
931 1438 1172 1504 Macedonicum
1203 1443 1313 1504 contra

134 1519 320 1608 Philippum
334 1545 442 1608 regern
460 1524 715 1608 quingentesimo
739 1525 1024 1609 quinquagensimo
1048 1529 1082 1588 et
1100 1525 1204 1608 primo
1228 1547 1311 1590 anno
1324 1540 1356 1586 10

101 1623 119 1681 2
136 1607 176 1672 ab
191 1608 270 1672 urbe
286 1609 426 1687 condita3
436 1608 470 1673 Τ.
487 1607 635 1685 Quintius
649 1608 849 1674 Flamininus
864 1611 1031 1674 adversum
1045 1609 1229 1693 Philippum
1244 1633 1312 1673 rem

101 1715 282 1777 aprospere
304 1694 411 1778 gessit.
458 1715 522 1778 pax
544 1695 573 1758 ei
595 1695 670 1759 data
693 1697 740 1759 est
761 1693 811 1760 his
832 1696 971 1781 legibus:
1002 1717 1041 1758 ne
1064 1693 1214 1759 Graeciae
1236 1695 1312 1758 civi-

134 1777 263 1858 tatibus,
286 1801 366 1863 quas
388 1779 526 1844 Romani
549 1785 658 1845 contra
685 1803 759 1844 eum
787 1781 1000 1859 defenderant,
1026 1779 1147 1844 bellum
1172 1779 1311 1857 inferret,

133 1868 169 1928 ut
193 1867 224 1928 et
246 1865 389 1948 captivos
413 1869 444 1930 et
465 1866 650 1951 transfugas
673 1867 827 1945 redderet,
853 1865 1087 1950 quinquaginta
1109 1865 1192 1930 solas
1214 1887 1312 1929 naves

134 1947 278 2028 haberet,
304 1950 444 2034 reliquas
465 1950 618 2015 Romanis
646 1952 786 2032 dederet,
812 1974 870 2036 per
897 1974 997 2016 annos
1022 1951 1131 2016 decem
1156 1955 1312 2034 quaterna
1324 1966 1354 2013 15

133 2034 221 2098 milia
250 2037 357 2119 pondo
389 2037 515 2121 argenti
541 2041 718 2120 praestaret
746 2042 778 2102 et
804 2037 948 2101 obsidem
975 2039 1065 2101 daret
1091 2036 1193 2100 filium
1219 2059 1313 2100 suum

100 2119 341 2194 3Demetn'um
393 2119 428 2185 T.
456 2120 603 2198 Quintius
634 2123 730 2186 etiam
756 2121 1013 2187 Lacedaemoniis
1043 2121 1153 2186 intulit
1182 2122 1311 2186 bellum.

134 2205 246 2270 ducem
273 2228 383 2271 eorum
405 2205 564 2271 Nabidem
590 2207 666 2272 vicit
692 2213 724 2272 et
751 2208 866 2292 quibus
887 2208 990 2272 voluit
1017 2207 1256 2272 condicionibus
1278 2208 1312 2272 in

132 2290 227 2355 fidem
254 2292 383 2376 accepit.
431 2292 556 2377 ingenti
582 2293 686 2377 gloria
712 2294 935 2378 triumphavit:
967 2294 1057 2357 duxit
1083 2298 1156 2357 ante
1184 2314 1312 2356 currum

131 2375 344 2525 &obgliisisimos
375 2377 512 2457 obsides,
543 2378 750 2458 Demetrium,
772 2378 913 2464 Philippi
943 2379 1053 2458 filium,
1085 2382 1116 2442 et
1137 2376 1352 2441 Armenemm

165 2483 217 2524 ai
252 2483 275 2526 s.

97 2561 115 2620 3
218 2546 392 2612 Transacto
423 2547 508 2614 bello
530 2547 735 2614 Macedonico
767 2554 911 2614 secutum
942 2554 991 2613 est
1012 2547 1177 2632 Syriacum
1200 2551 1311 2611 contra

134 2628 329 2697 Antiochum
358 2655 482 2720 regem,
512 2634 547 2700 P.
575 2633 720 2700 Cornelio
748 2633 801 2699 Sci
822 2634 907 2713 ione,
936 2632 980 2698 M.
1005 2632 1110 2698 Acilio
1137 2631 1310 2697 Glabrione

99 2717 323 2788 sconsulibus.
369 2719 443 2784 huic
465 2719 625 2785 Antiocho
648 2720 778 2786 Hannib
834 2742 867 2785 se
893 2720 1056 2798 iunxerat,
1083 2717 1201 2783 Cartha
1226 2719 1317 2782 'nemx

100 2827 115 2876 3
132 2805 271 2886 patriam
291 2826 381 2868 suam
402 2810 500 2885 metu,
522 2827 561 2869 ne
576 2803 729 2870 Romanis
743 2807 931 2885 traderetur,
953 2805 1144 2888 relinquens
1178 2820 1192 2866 1
1215 2803 1353 2868 ,Aci-25

132 2887 194 2953 lius
222 2887 352 2954 Glabrio
379 2890 413 2954 in
440 2889 563 2957 Achaia
590 2893 671 2956 bene
698 2893 862 2976 pugnavit.
914 2895 1019 2956 castra
1048 2890 1133 2972 regis
1159 2888 1310 2953 Antiochi

131 2980 287 3039 nocturna
308 2998 417 3124 pqgna
441 2982 534 3060 capta
556 2981 638 3056 sunt,
660 2976 726 3060 ipse
749 2977 889 3060 fugatus.
925 2976 1085 3058 Philippo,
1108 2975 1183 3059 quia
1201 2979 1311 3038 contra

129 3058 326 3125 Antiochum
372 3063 493 3125 omanis
508 3061 621 3125 fuisset
643 3062 770 3139 auxilio,
792 3061 876 3125 filius
890 3061 1073 3125 Demetrius
1095 3059 1236 3124 redditus
1255 3064 1309 3122 est·

101 3162 119 3216 4
213 3145 246 3209 h.
275 3145 419 3210 Cornelio
447 3144 592 3228 Scipione
625 3149 657 3210 et
684 3145 716 3210 O.
739 3146 847 3211 Laelio
879 3147 1060 3210 oonsulibus
1089 3143 1196 3228 Scipio
1223 3142 1309 3206 Afri·

130 3249 226 3292 canus
240 3229 333 3294 fratri
348 3253 405 3296 suo
420 3231 453 3294 h.
470 3230 616 3295 Cornelio
631 3229 772 3314 Scipioni
796 3231 918 3296 consuli
932 3231 1058 3317 legatus
1081 3231 1173 3294 datus
1195 3234 1350 3307 contrane

198 3371 212 3418 3
232 3367 380 3434 octoginta
394 3367 414 3418 G
421 3367 497 3418 ΒΜ
509 3371 560 3432 dp.
573 3369 621 3426 16;
634 3366 829 3436 octingentad
845 3369 984 3420 Mommsen
1006 3369 1016 3434 l
1040 3375 1071 3421 10
1081 3363 1308 3434 quingentesimo

130 3449 381 3517 quinquagensimo
402 3455 430 3506 et
449 3449 542 3520 primo
562 3453 626 3511 Fa
651 3450 881 3520 quingentesimo
904 3458 935 3508 ct
956 3450 1192 3521 quinquagesimo
1215 3449 1308 3518 primo

128 3536 144 3585 le
166 3537 175 3602 ΙΙ
199 3544 228 3590 11
248 3535 407 3590 flamininus
426 3553 498 3588 corr.
532 3537 644 3604 Sylbcrp
662 3539 695 3598 Ιι;
718 3536 857 3592 flaminius
880 3540 951 3590 cI’d
972 3540 982 3605 ΙΙ
1002 3553 1098 3606 regem
1118 3537 1221 3589 missus
1240 3539 1305 3602 post

128 3619 289 3690 philippum
308 3623 387 3674 laser.
401 3623 430 3672 11ι
437 3638 467 3689 p.
487 3624 521 3673 44
534 3626 569 3690 cl.
580 3619 652 3696 πρὸς
665 3621 700 3680 ὃν
715 3625 798 3690 Τίτος
810 3619 932 3689 Κύντιος
945 3625 1106 3692 Φλαμίνιος
1123 3621 1306 3692 ἐκπεμφθείς

129 3708 154 3760 P
172 3709 181 3774 11
206 3714 237 3760 14
247 3708 280 3761 ut
293 3710 323 3761 et
336 3707 465 3776 captivos
485 3710 514 3761 et
532 3709 693 3776 transfugas
713 3711 813 3776 scripsi
817 3728 826 3769 ;
845 3709 973 3778 captivos
992 3712 1021 3763 et
1033 3708 1196 3777 transfugas
1216 3709 1238 3759 Α
1249 3707 1308 3771 hd;

130 3795 159 3846 et
177 3794 210 3845 ut
228 3791 355 3862 captivos
375 3796 405 3847 et
422 3791 587 3864 transfugas
607 3795 631 3846 B
638 3812 647 3855 ;
665 3797 697 3848 ut
724 3795 852 3864 captivos
872 3798 901 3848 et
918 3794 1078 3864 transfugas
1101 3795 1134 3854 0,·
1156 3795 1206 3850 καὶ
1237 3788 1306 3856 τούς

131 3875 331 3950 αἰχμαλώτους
354 3881 404 3933 καὶ
431 3876 617 3951 apocalama
635 3881 660 3932 P
678 3882 687 3950 ΙΙ
711 3888 741 3936 19
771 3880 958 3950 triumphavit
988 3881 1087 3936 CPbd
1108 3895 1137 3947 p.
1170 3881 1206 3930 18
1228 3881 1263 3946 cs.
1288 3878 1308 3929 d

35 3981 38 3986 ·
132 3966 153 3994 ³¹·
174 3966 261 4029 ureret.
286 3963 321 4015 ud
341 3964 380 4016 ed.
400 3965 492 4016 maior.
507 3980 539 4031 p.
557 3965 662 4028 XXIV,
680 3983 728 4020 cns.
748 3969 790 4034 dl
812 3975 844 4022 30
863 3967 947 4021 datus
966 3968 1047 4022 inser.
1066 3970 1092 4021 δῑ
1108 3982 1135 4033 p.
1158 3968 1219 4021 645.
