3050 4292
7 347 19 420 'r

598 223 816 279 avrnorrvs
843 225 902 278 vu.
1019 184 1023 192 ’
1088 272 1090 274 ,
1297 228 1337 288 41

163 401 195 460 et
226 397 258 461 L.
274 395 455 461 'Ventidius
482 397 601 460 Bassus
632 398 850 482 inrumpentes
880 399 914 462 in
940 397 1065 482 Syriam
1094 397 1209 461 Persas
1239 397 1374 464 tribuet

162 482 291 566 proeliis
318 483 401 546 vicit.
445 481 616 560 Pacorum,
642 483 727 567 regis
750 481 862 548 Orodis
883 484 998 562 filium,
1024 482 1183 546 interfecit
1206 503 1244 545 eo
1270 483 1341 565 ipso

164 568 222 646 die,
245 589 308 651 quo
333 567 410 630 olim
433 566 561 644 Orodes,
583 568 753 631 Persarum
775 591 840 646 rex,
862 591 920 652 per
942 570 1053 632 ducem
1075 567 1229 632 Surenam
1252 567 1342 630 Cras-

164 675 234 716 sum
257 653 421 716 occiderat.
466 651 522 724 hic
544 653 664 735 primus
691 654 729 716 de
757 651 884 717 Parthis
912 654 1119 718 iustissimum
1144 653 1342 736 triumphum

130 738 324 802 1110111111
352 738 382 800 ’1.

248 759 380 886 1111111111
410 819 579 905 Pompeius
616 845 727 907 pacem
762 824 851 911 rupit
887 829 919 887 et
948 823 1055 887 navali
1084 823 1206 905 proelio
1236 823 1371 886 victusb

162 908 291 990 fugiens
313 907 353 970 ad
367 906 478 970 Asiam
497 908 681 972 interfectus
697 913 753 972 est.
797 909 964 987 Antonius,
987 909 1041 992 qui
1056 908 1166 971 Asiam
1182 906 1341 971 etOrien·

7 1011 8 1014 ’
110 1049 111 1052 ,
163 997 229 1056 tem
251 992 388 1070 tenebat,
407 993 580 1074 repudiata
607 1015 713 1057 sorore
737 993 879 1058 Caesaris
901 994 1043 1077 Augusti
1064 992 1230 1056 Octaviani
1252 992 1341 1056 Cleo·

163 1081 301 1160 patram,
327 1077 471 1161 reginam
492 1077 646 1176 Aegypti,
675 1079 766 1143 duxit
794 1101 933 1143 uxorem.
978 1083 1088 1142 contra
1109 1077 1223 1140 Persas
1246 1077 1375 1140 etiam2

125 1163 233 1245 10ipse
255 1163 419 1246 pugnavit.
462 1163 572 1246 primis
596 1186 648 1228 eos
670 1165 799 1248 proeliis
819 1165 904 1241 vicit,
927 1187 960 1228 re
1002 1165 1108 1227 ediens
1130 1169 1236 1226 tamen
1258 1163 1342 1226 fame

166 1252 198 1311 et
219 1247 401 1330 pestilentia
424 1247 582 1312 laboravit
604 1254 648 1326 et,
675 1272 747 1314 cum
774 1250 930 1314 instarent
956 1186 1067 1313 Pbrthi
1093 1248 1243 1332 fugienti,
1273 1249 1323 1330 ips

165 1354 223 1415 pro
245 1333 328 1396 victo
350 1334 487 1397 recessit.
1318 1369 1321 1373 ·

249 1417 310 1480 Hic
333 1439 460 1503 quoque
487 1419 600 1502 ingens
628 1419 747 1482 bellum
775 1421 866 1484 civile
890 1420 1061 1484 commovit
1083 1422 1217 1503 cogente
1244 1425 1372 1482 uxore?

165 1502 340 1585 Cleopatra,
363 1503 474 1588 regina
495 1504 646 1588 Aegypti,
670 1505 746 1568 dum
768 1506 940 1588 cupiditate
964 1505 1113 1574 muliebri
1134 1509 1224 1586 optat
1246 1503 1342 1566 etiam

125 1588 198 1650 rein
219 1589 298 1651 urbe
321 1610 463 1672 regnare.
507 1589 610 1652 vietus
638 1594 685 1652 est
707 1590 748 1654 ab
771 1591 920 1675 Augusto
942 1590 1048 1654 navali
1070 1611 1178 1674 pugna
1200 1589 1287 1651 clara
1310 1593 1342 1651 et

163 1672 280 1736 illustri
306 1675 390 1757 apud
412 1673 554 1750 Actium,
581 1675 637 1757 qui
662 1673 751 1738 locus
779 1676 813 1738 in
835 1677 934 1758 Epiro
962 1680 1022 1751 est,
1051 1697 1090 1738 ex
1112 1697 1176 1757 qua
1202 1673 1287 1757 fugit
1308 1673 1342 1736 in

164 1757 351 1843 Aegyptum
365 1762 397 1823 et
407 1759 580 1842 desperatis
594 1759 698 1838 rebus,
713 1782 787 1824 cum
797 1783 904 1824 omnes
921 1760 1154 1844 adAugustum
1162 1758 1342 1834 transirent,

165 1844 232 1926 ipse
263 1865 296 1910 se
322 1844 491 1909 interemit.
541 1843 709 1928 Cleopatra
736 1846 796 1909 sibi
827 1847 969 1930 aspidem
1000 1845 1128 1910 admisit
1158 1849 1190 1907 et
1220 1864 1342 1907 veneno

7 1949 8 1964 ¹
49 1958 52 1963 ·
165 1929 232 1992 eius
256 1929 409 1993 exstincta
424 1933 480 1994 est.
521 1929 688 2014 Aegyptus
703 1953 760 2014 per
780 1930 989 1995 Octavianum
1004 1930 1187 2014 Augustum
1208 1927 1342 2010 imperio

122 2027 154 2074 ro
164 2013 309 2076 Romano
325 2015 448 2077 adiecta
464 2018 512 2078 est
526 2016 788 2099 praepositusque
805 2017 834 2079 ei
849 2015 903 2080 Cn.
919 2015 1083 2079 Cornelius
1099 2014 1217 2077 Gallus.
1258 2013 1343 2076 hunc

164 2097 302 2180 primum
324 2097 493 2182 Aegyptus
516 2099 695 2162 Romanum
716 2100 852 2164 iudicem
873 2099 993 2164 habuit.

250 2181 299 2246 lta
321 2183 413 2247 bellis
435 2187 504 2248 toto
527 2184 603 2248 orbe
626 2185 778 2248 confectis
800 2183 992 2248 Octavianus
1013 2188 1181 2266 Augustus
1203 2180 1373 2247 Romam8

163 2267 258 2332 rediit
280 2268 466 2332 duodecimo
495 2290 577 2332 anno
601 2291 697 2351 quam
725 2271 834 2332 consul
860 2269 974 2333 fuerat.
1018 2290 1057 2332 ex
1084 2290 1121 2332 eo
1144 2290 1212 2331 rem
1237 2268 1375 2350 publi-2

164 2375 234 2416 cam
264 2375 333 2436 per·
353 2353 567 2437 quadraginta
600 2358 632 2418 et
659 2359 811 2437 quattuor
841 2376 941 2418 annos
972 2355 1059 2417 solus
1086 2353 1236 2430 obtinuit,
1267 2357 1341 2416 ante

122 2453 153 2499 15
164 2438 249 2501 euim
271 2439 436 2504 duodecim
459 2439 550 2503 annis
572 2460 644 2502 cum
666 2439 808 2504 Antonio
836 2443 868 2504 et
889 2438 1009 2523 Lepido
1035 2442 1190 2502 tenuerat.
1233 2439 1279 2502 ita
1301 2438 1342 2501 ab
1361 2447 1375 2491 3

163 2523 253 2586 initio
275 2524 470 2607 principatus
494 2526 560 2589 eius
582 2547 682 2608 usque
706 2524 864 2589 adfinem
886 2524 1122 2609 quinquaginta
1143 2528 1176 2587 et
1191 2545 1246 2586 sex
1269 2524 1344 2586 anni

164 2607 301 2670 fuerunt.
347 2609 426 2672 obiit
448 2615 555 2674 autem
571 2610 827 2694 septuagensimo
849 2614 939 2675 sexto
958 2630 1041 2674 anno
1064 2613 1167 2674 morte
1183 2609 1342 2672 communi
1360 2617 1377 2660 4

164 2690 198 2754 in
213 2692 329 2774 oppido
339 2692 530 2776 Campaniae
543 2692 658 2758 Atella.
688 2695 810 2759 Romae
824 2696 858 2759 in
873 2717 985 2780 campo
1000 2695 1118 2759 Martio
1134 2693 1278 2776 sepultus
1288 2697 1344 2770 est,

164 2775 213 2839 vir
235 2777 290 2859 qui
312 2797 376 2840 non
398 2779 557 2843 immerito
574 2802 612 2842 ex
634 2780 774 2843 maxima
795 2785 885 2863 parte
912 2783 971 2846 deo
994 2779 1105 2844 similis
1128 2783 1177 2842 est
1198 2782 1343 2861 putatus:

121 2876 276 2944 sonoque¹
290 2862 374 2926 enim
389 2862 483 2934 facile
504 2862 589 2927 ullus
612 2887 648 2927 eo
671 2868 726 2928 aut
748 2865 782 2928 in
803 2865 894 2929 bellis
908 2866 1031 2929 felicior
1052 2865 1115 2929 fuit
1130 2870 1187 2928 aut
1207 2866 1241 2928 in
1264 2886 1342 2947 pace

162 2947 364 3011 moderatior.
409 2948 622 3032 quadraginta
642 2953 674 3012 et
698 2954 852 3032 quattuor
874 2951 973 3028 annis,
996 2949 1111 3034 quibus
1134 2951 1221 3014 solus
1244 2949 1344 3032 gessit

163 3032 540 3117 imperium„civilissime
562 3033 655 3112 vixit,
677 3033 711 3097 in
734 3039 866 3099 cunctos
887 3034 1141 3113 liberalissimus,
1167 3035 1201 3099 in
1224 3039 1343 3099 amicos

163 3117 349 3264 liidissimus,
386 3139 467 3201 quos
503 3118 602 3182 tantis
632 3119 738 3182 evexit
768 3119 961 3198 honoribus,
991 3124 1029 3184 ut
1058 3142 1160 3204 paene
1192 3126 1344 3204 aequaret

179 3203 292 3286 astigio
316 3226 382 3268 suu.
921 3232 923 3235 ·

235 3375 249 3424 8
268 3385 414 3438 persarum
432 3389 480 3426 rex
499 3389 551 3442 per·
569 3373 670 3427 ducem
684 3388 813 3425 surenam
829 3375 881 3427 del.
900 3377 917 3428 δ
927 3389 957 3440 p.
977 3376 1011 3424 19
1032 3374 1042 3440 l
1062 3382 1079 3426 4
1095 3373 1204 3442 parthis
1224 3374 1297 3425 cdd
1307 3377 1341 3440 cf.

169 3456 244 3509 Oros.
260 3459 285 3524 9,
303 3458 346 3519 18,
365 3459 415 3521 23;
436 3459 488 3510 liu.
504 3460 566 3524 epit.
577 3459 644 3521 1283
662 3457 750 3526 persis
763 3460 814 3512 Pd
825 3461 951 3528 [12011
970 3458 1046 3510 Festi
1054 3459 1122 3511 brev.
1135 3462 1172 3511 18
1184 3462 1193 3526 ΙΙ
1207 3468 1219 3513 7
1231 3457 1343 3528 fugiens
1420 3511 1424 3517 ,

164 3541 199 3594 ad
221 3540 308 3594 asiam
328 3542 379 3595 del.
398 3547 414 3597 d
428 3558 456 3608 ρ.
469 3546 503 3595 19
522 3546 531 3608 ΙΙ
554 3541 641 3596 asiam
655 3548 685 3597 et
702 3541 838 3597 orientem
851 3543 877 3596 B
890 3544 943 3607 01,
962 3542 1099 3597 orientem
1117 3546 1147 3597 et
1166 3545 1255 3596 asiam
1268 3548 1290 3597 A
1305 3544 1341 3611 dt

166 3636 195 3681 11
215 3625 311 3694 parthi
337 3627 433 3690 ctd3
455 3644 556 3696 persae
575 3630 600 3680 P
616 3632 675 3695 dp.
694 3631 734 3680 20
755 3629 764 3696 11
789 3637 819 3682 14
839 3627 938 3699 regina
956 3627 1071 3697 aegypti
1089 3629 1140 3680 del.
1158 3632 1183 3683 δ’
1200 3645 1228 3696 p.
1246 3630 1308 3685 648.
1327 3633 1344 3683 d

157 3729 187 3780 p.
206 3713 241 3764 19
257 3711 267 3778 ΙΙ
287 3723 318 3765 ro
337 3712 572 3780 praepositusque
583 3715 610 3767 F
619 3715 637 3766 d
654 3715 688 3780 cf.
704 3714 825 3767 11111111
838 3731 868 3782 p.
884 3717 955 3778 8783
973 3713 1152 3783 praepositus
1168 3715 1185 3764 Ιι
1201 3716 1211 3778 fl
1230 3720 1263 3768 25
1276 3712 1341 3767 duo·

162 3797 255 3852 decim
278 3795 358 3850 annis
382 3799 433 3850 del.
456 3801 482 3852 1ι
501 3815 530 3864 p.
554 3801 622 3862 648,
650 3803 666 3854 d
684 3816 712 3866 p.
737 3803 783 3869 19,
806 3807 834 3852 ot
856 3803 891 3866 cs.
915 3801 987 3853 Suet.
1009 3803 1076 3866 Any.
1101 3802 1120 3849 8
1144 3799 1154 3864 u
1175 3798 1256 3852 annis
1280 3815 1294 3849 c
1316 3799 1341 3861 Ιι,

162 3902 249 3936 aranos
269 3886 286 3935 d
308 3887 317 3950 ΙΙ
340 3891 370 3935 rs
391 3883 518 3952 sepultus
539 3888 583 3938 est
604 3885 628 3936 F
649 3885 709 3953 Ch,
729 3888 773 3938 est
791 3902 846 3938 om.
865 3887 890 3939 d.
