3050 4292
164 187 204 250 18
603 185 818 246 EVTROPIVS.
845 191 892 246 lII.

164 357 361 426 Flaminium
381 360 554 441 interemitss
577 361 795 430 Romanorum
816 379 895 433 XXV
917 364 1005 428 milia
1027 386 1117 429 caesa
1139 369 1226 443 sunt,
1249 367 1347 430 ceteri

163 445 371 532 diffugerunt.
415 449 529 513 missus
552 450 700 514 adversus
722 449 938 514 Hannibalem
959 454 1071 534 postea
1093 473 1112 513 a
1133 448 1286 515 Romanis
1309 451 1344 528 Q.

161 529 282 596 Fabius
304 531 471 599 Maximus.
514 534 543 599 is
571 558 644 599 eum
670 536 842 600 differendo
868 557 1011 620 pugnam
1032 536 1072 599 ab
1094 537 1216 618 impetu
1237 536 1343 620 fregit,

165 637 242 680 mox
263 617 392 682 inventa
415 620 580 684 occasione
594 621 677 687 vicit.

122 711 163 772 10
250 701 333 778 Quin
359 705 513 770 entesimo
545 710 577 770 et
608 707 876 790 quadragensimo
907 729 990 770 anno
1013 729 1032 769 a
1053 705 1180 770 condita
1206 707 1284 770 urbe
1305 704 1375 774 ha

162 785 319 852 Aemilius
370 789 471 868 aulus,
494 789 530 855 P.
553 789 721 858 Terentius
735 791 840 856 Varro
857 796 968 855 contra
982 790 1196 855 Hannibalem
1209 793 1340 856 mittun·

161 877 217 936 tur
238 871 403 958 Fabioque
426 877 611 956 succedunt,
643 879 697 963 qui
725 878 833 941 abiens
857 877 950 941 ambo
973 877 1118 941 consules
1139 879 1274 955 monuit,
1304 882 1341 941 ut

160 955 377 1025 Hannibalem
400 962 538 1026 calidum
560 967 592 1028 et
606 964 825 1047 impatientem
847 962 960 1027 ducem
981 985 1045 1027 non
1067 963 1159 1026 aliter
1180 966 1341 1027 vincerent

133 1063 258 1126 aquam
273 1042 437 1127 ¹proelium
455 1047 636 1112 differendo.
672 1071 783 1112 verum
798 1071 871 1112 cum
885 1048 1084 1131 impatientia
1098 1046 1252 1112 Varronis
1267 1069 1341 1112 oon·

160 1129 238 1192 salis
261 1133 495 1197 contradicente
518 1133 617 1197 altero
641 1134 768 1198 consule
791 1136 877 1217 apud
890 1133 1004 1212 vicum,
1042 1133 1076 1196 ui
1091 1129 1217 1197 Cannae
1233 1133 1384 1216 appel-10

159 1213 255 1295 latur,
285 1216 319 1280 in
341 1216 459 1301 Apulia
480 1222 661 1304 pugnatum
688 1223 782 1297 esset,
814 1219 907 1284 ambo
931 1155 1075 1303 consules
1098 1218 1138 1281 ab
1160 1216 1340 1282 Hannibale

127 1320 141 1366 3
161 1299 340 1372 vincuntur.
371 1304 404 1366 in
427 1325 464 1366 ea
485 1325 596 1388 pugna
617 1305 679 1368 tria
699 1305 789 1368 milia
803 1304 956 1370 Afrorum
969 1308 1112 1388 pereunt,
1134 1317 1252 1388 magna
1266 1325 1340 1386 pars

162 1385 201 1448 de
234 1386 374 1451 exercitu
405 1386 593 1453 Hannibalis
625 1391 793 1454 sauciatur.
845 1390 934 1454 nullo
965 1396 1073 1454 tamen
1103 1387 1224 1453 Punico
1255 1389 1338 1452 bello

123 1491 141 1536 1
159 1468 297 1534 Romani
318 1473 448 1556 gravius
471 1474 593 1558 accepti
617 1479 699 1540 sunt.
734 1477 830 1559 periit
852 1476 936 1540 enim
957 1477 991 1539 in
1007 1497 1043 1540 eo
1059 1473 1171 1539 consul
1184 1473 1339 1538 Aemilius

159 1554 293 1634 Paulus,
324 1559 504 1623 consulares
536 1565 567 1624 et
592 1561 744 1644 praetorii
766 1575 831 1640 XX,
863 1565 1025 1627 senatores
1056 1560 1141 1643 capti
1163 1564 1219 1623 aut
1241 1559 1378 1626 occisi15

157 1654 247 1719 XXX,
279 1642 401 1707 nobiles
431 1645 491 1708 viri
513 1660 589 1723 000,
619 1646 757 1711 militum
779 1661 827 1714 XL
848 1647 945 1725 m'ilia,
968 1646 1111 1730 equitum
1133 1660 1173 1712 111
1195 1643 1283 1708 milia
1304 1649 1337 1708 et

156 1726 334 1811 quingenti.
369 1729 404 1792 in
427 1730 542 1814 quibus
563 1732 655 1795 malis
678 1754 772 1796 nemo
793 1737 902 1796 tamen
915 1731 1132 1796 Romanorum
1145 1729 1234 1814 pacis
1248 1751 1335 1793 men-

158 1811 279 1876 tionem
300 1813 418 1879 habere
442 1816 590 1901 dignatus
614 1822 670 1882 est.
688 1818 793 1896 servi,
816 1818 901 1903 quod
923 1839 1097 1901 numquam
1119 1821 1202 1894 ante,
1224 1836 1336 1878 manu-

159 1898 248 1961 missi
271 1902 303 1962 et
320 1899 443 1965 milites
465 1901 543 1966 facti
566 1907 647 1968 sunt.
874 1911 877 1914 ’

115 1993 147 2050 11
244 1981 323 2048 Post
354 2007 423 2049 eam
455 2009 597 2135 pli-fuam
627 1988 747 2052 multae
770 1987 882 2053 1111111
906 1988 1057 2066 civitates,
1079 2009 1160 2085 quae
1182 1984 1380 2081 Romaniano

157 2075 353 2234 {tililffnla
362 2071 1335 2243 1111111111111111111111

158 2239 242 2303 cives
273 2262 338 2304 non
369 2244 576 2322 necessarios,
600 2247 662 2330 qui,
685 2267 757 2309 cum
781 2245 893 2310 armati
916 2248 1033 2322 essent,
1056 2244 1126 2326 capi
1148 2243 1334 2326 potuissent.

130 2323 210 2389 11111
234 2346 342 2389 omnes
364 2332 477 2410 postea
498 2330 593 2393 variis
616 2331 779 2415 suppliciis
800 2331 960 2395 interfecit
982 2334 1013 2392 11
1034 2333 1100 2392 tres
1122 2328 1245 2392 modios
1257 2348 1335 2389 anu·

156 2409 262 2474 lorum
293 2433 462 2476 aureorum
484 2411 709 2498 Carthaginem
730 2415 830 2494 misit,
862 2436 940 2499 quos
964 2437 1001 2478 ex
1023 2413 1169 2476 manibus
1193 2434 1209 2476 1
1232 2411 1377 2478 uitumas

121 2513 136 2561 3
155 2493 374 2560 Romanorum
395 2502 578 2562 senatorum
601 2504 632 2563 et
653 2500 792 2564 militum
810 2500 997 2564 detraxerat.
1028 2499 1149 2563 interca
1170 2499 1204 2561 in
1254 2497 1334 2578 'pa-

155 2580 222 2659 nia,
253 2581 310 2644 ubi
339 2581 439 2646 frater
465 2582 655 2649 Hannibalis
677 2584 860 2650 Hasdrubal
889 2588 1084 2650 remanserat
1115 2607 1186 2648 cum
1216 2602 1333 2666 magno

38 2678 42 2683 ’
157 2666 310 2744 exercitu,
342 2671 379 2731 ut
411 2691 481 2732 eam
507 2673 609 2733 totam
631 2669 718 2734 Afris
740 2671 916 2756 subigeret,
939 2693 958 2733 a
980 2668 1104 2735 duobus
1126 2668 1333 2753 Scipionibus,

120 2771 138 2816 4
156 2751 310 2816 Romanis
332 2753 474 2834 ducibus,
495 2755 639 2820 vincitur.
707 2756 789 2820 erdit
809 2757 843 2819 in
864 2777 974 2841 pugna
996 2769 1101 2824 XXXV
1122 2754 1211 2818 miha
1232 2753 1335 2817 homi·

122 2855 137 2903 5
157 2858 251 2902 num:
274 2860 314 2902 111
334 2837 385 2902 his
408 2840 578 2923 capiuntur
599 2855 624 2908 X
645 2779 747 2919 milia,
770 2842 957 2908 occiduntur
978 2857 1068 2910 XXV.
1112 2841 1284 2904 mittuntur
1305 2837 1376 2902 1131

155 2945 175 2986 a
197 2920 513 3009 Carthaginiensibus
535 2926 575 2990 ad
597 2928 790 3011 reparandas
812 2929 896 2992 vires
923 2941 977 2996 XII
998 2927 1085 2992 milia
1106 2926 1258 3011 peditum,
1280 2937 1333 2990 1111

154 3007 243 3072 milia
267 3011 418 3095 equitum,
442 3025 496 3078 XX
520 3011 689 3096 elephanti.
951 3080 953 3083 .

111 3102 147 3162 12
239 3093 334 3158 Anno
358 3101 473 3179 quarto
494 3102 663 3182 postquam
686 3098 726 3161 ad
740 3095 867 3163 Italiam
881 3097 1045 3162 Hannibal
1064 3097 1158 3174 venit,
1180 3091 1331 3172 Μ.01111·

153 3179 224 3242 dius
246 3178 417 3245 Marcellus
439 3182 550 3247 consul
571 3184 657 3267 apud
678 3182 805 3263 Nolam,
828 3185 988 3248 civitatem
1003 3181 1201 3265 Campaniae,
1222 3181 1331 3242 contra

118 3262 368 3331 2Hannibalem
399 3267 479 3332 bene
509 3290 553 3351 pu
600 3269 673 3333 avit.
717 3267 880 3333 Hannibal
909 3269 1027 3333 multas
1051 3267 1193 3332 civitates
1214 3264 1332 3328 Roma·
1341 3282 1375 3330 11

117 3367 266 3418 3111111111
286 3373 344 3434 per
365 3351 517 3435 Apuliam
539 3289 720 3418 oblaturam
742 3354 875 3420 Brittios
897 3353 1070 3437 occupavit.
1102 3372 1166 3435 quo
1188 3355 1331 3433 tempore

154 3433 251 3498 etiam
272 3458 329 3500 rex
350 3435 555 3504 Macedoniae
569 3437 737 3523 Philippus
753 3440 794 3503 ad
809 3463 880 3504 eum
895 3440 1019 3525 legatos
1033 3437 1129 3516 misit,
1143 3435 1332 3532 promittens

155 3519 276 3584 auxiha
298 3527 409 3586 contra
430 3522 592 3589 Romanos
615 3525 674 3588 sub
696 3524 757 3588 hac
780 3525 972 3604 condicione,
993 3529 1030 3589 ut
1052 3524 1163 3589 deletis
1177 3521 1331 3586 Romams

155 3605 224 3687 ipse
255 3628 382 3691 quoque
413 3613 523 3674 contra
554 3607 692 3674 Graecos
723 3609 764 3674 ab
795 3609 978 3676 Hannibale
1014 3610 1133 3676 auxilia
1168 3607 1331 3692 acciperet

120 3712 136 3758 4
156 3691 258 3774 captis
284 3692 385 3777 igitur
410 3694 526 3780 legatis
547 3691 689 3780 Philippi
711 3699 743 3760 et
764 3717 799 3759 11
821 3697 951 3781 cognita
971 3695 1109 3762 Romani
1129 3696 1165 3761 in
1185 3692 1331 3759 Macedo·
1339 3708 1374 3755 41

201 3861 203 3866 ¹
224 3883 237 3928 7
264 3875 363 3931 abiens
384 3879 508 3948 Piroqoff
524 3880 589 3933 thes.
608 3883 639 3941 1,·
654 3873 853 3957 χωρςζόμειης
871 3884 907 3943 Ρ;
924 3882 1018 3938 fabius
1037 3883 1104 3937 cdd.
