<?xml version="1.0" encoding="UTF-8"?>
<!DOCTYPE html PUBLIC "-//W3C//DTD XHTML 1.0 Transitional//EN"
    "http://www.w3.org/TR/xhtml1/DTD/xhtml1-transitional.dtd">
<html xmlns="http://www.w3.org/1999/xhtml" xml:lang="en" lang="en">
 <head>
  <title>
</title>
<meta http-equiv="Content-Type" content="text/html;charset=utf-8" />
  <meta name='ocr-system' content='tesseract 3.04.00' />
  <meta name='ocr-capabilities' content='ocr_page ocr_carea ocr_par ocr_line ocrx_word'/>
</head>
<body>
  <div class='ocr_page' id='page_1' title='image "./eutropibreviari00wagegoog_0078.png"; bbox 0 0 3050 4292; ppageno 0'>
   <div class='ocr_carea' id='block_1_1' title="bbox 178 187 908 256">
    <p class='ocr_par' dir='ltr' id='par_1_1' title="bbox 178 187 908 256">
     <span class='ocr_line' id='line_1_1' title="bbox 178 187 908 256; baseline 0.012 -20"><span class='ocrx_word' id='word_1_1' title='bbox 178 193 218 256; x_wconf 81' lang='lat'>68</span> <span class='ocrx_word' id='word_1_2' title='bbox 626 187 847 245; x_wconf 78' lang='lat' dir='ltr'>avuaomvs.</span> <span class='ocrx_word' id='word_1_3' title='bbox 874 189 908 245; x_wconf 72' lang='grc'>1,</span> 
     </span>
    </p>
   </div>
   <div class='ocr_carea' id='block_1_2' title="bbox 133 361 1486 3773">
    <p class='ocr_par' dir='ltr' id='par_1_2' title="bbox 176 361 1485 940">
     <span class='ocr_line' id='line_1_2' title="bbox 176 361 1354 532; baseline -0.001 -19"><span class='ocrx_word' id='word_1_4' title='bbox 176 361 1354 532; x_wconf 59' lang='grc'><strong>1611111111111166111111611</strong></span> 
     </span>
     <span class='ocr_line' id='line_1_3' title="bbox 177 526 1354 617; baseline -0.002 -19"><span class='ocrx_word' id='word_1_5' title='bbox 177 526 376 599; x_wconf 73' lang='grc'><strong>1611611611</strong></span> <span class='ocrx_word' id='word_1_6' title='bbox 411 539 519 617; x_wconf 87' lang='lat' dir='ltr'>posset</span> <span class='ocrx_word' id='word_1_7' title='bbox 555 555 727 617; x_wconf 87' lang='lat' dir='ltr'>repressor.</span> <span class='ocrx_word' id='word_1_8' title='bbox 781 533 881 599; x_wconf 88' lang='lat' dir='ltr'>civilis</span> <span class='ocrx_word' id='word_1_9' title='bbox 917 535 952 597; x_wconf 91' lang='lat' dir='ltr'>in</span> <span class='ocrx_word' id='word_1_10' title='bbox 987 537 1127 612; x_wconf 89' lang='lat' dir='ltr'>cunctos,</span> <span class='ocrx_word' id='word_1_11' title='bbox 1162 533 1354 598; x_wconf 78' lang='lat' dir='ltr'>mediocrem</span> 
     </span>
     <span class='ocr_line' id='line_1_4' title="bbox 177 618 1355 716; baseline -0.001 -33"><span class='ocrx_word' id='word_1_12' title='bbox 177 619 298 684; x_wconf 87' lang='lat' dir='ltr'>habens</span> <span class='ocrx_word' id='word_1_13' title='bbox 322 619 438 684; x_wconf 83' lang='lat' dir='ltr'>aerarii</span> <span class='ocrx_word' id='word_1_14' title='bbox 453 641 570 698; x_wconf 91' lang='lat' dir='ltr'>curam,</span> <span class='ocrx_word' id='word_1_15' title='bbox 592 619 715 716; x_wconf 77' lang='lat' dir='ltr'>gloriae</span> <span class='ocrx_word' id='word_1_16' title='bbox 738 619 848 684; x_wconf 88' lang='lat' dir='ltr'>avidus</span> <span class='ocrx_word' id='word_1_17' title='bbox 871 641 908 683; x_wconf 90' lang='lat' dir='ltr'>ac</span> <span class='ocrx_word' id='word_1_18' title='bbox 927 641 985 703; x_wconf 92' lang='lat' dir='ltr'>per</span> <span class='ocrx_word' id='word_1_19' title='bbox 1005 641 1076 683; x_wconf 90' lang='lat' dir='ltr'>eam</span> <span class='ocrx_word' id='word_1_20' title='bbox 1097 618 1195 682; x_wconf 88' lang='lat' dir='ltr'>animi</span> <span class='ocrx_word' id='word_1_21' title='bbox 1217 619 1355 704; x_wconf 88' lang='lat' dir='ltr'>plerum-</span> 
     </span>
     <span class='ocr_line' id='line_1_5' title="bbox 177 703 1391 790; baseline 0.001 -21"><span class='ocrx_word' id='word_1_22' title='bbox 177 727 239 788; x_wconf 88' lang='lat' dir='ltr'>que</span> <span class='ocrx_word' id='word_1_23' title='bbox 262 704 435 782; x_wconf 81' lang='lat' dir='ltr'>immodici,</span> <span class='ocrx_word' id='word_1_24' title='bbox 461 704 626 790; x_wconf 80' lang='lat' dir='ltr'>religioms</span> <span class='ocrx_word' id='word_1_25' title='bbox 649 703 846 768; x_wconf 69' lang='lat' dir='ltr'>Christianae</span> <span class='ocrx_word' id='word_1_26' title='bbox 868 705 1054 783; x_wconf 76' lang='lat' dir='ltr'>insectator,</span> <span class='ocrx_word' id='word_1_27' title='bbox 1104 703 1211 770; x_wconf 88' lang='lat' dir='ltr'>erinde</span> <span class='ocrx_word' id='word_1_28' title='bbox 1237 708 1391 782; x_wconf 73' lang='lat' dir='ltr'>tamena</span> 
     </span>
     <span class='ocr_line' id='line_1_6' title="bbox 176 788 1354 873; baseline 0.001 -20"><span class='ocrx_word' id='word_1_29' title='bbox 176 795 214 854; x_wconf 91' lang='lat' dir='ltr'>ut</span> <span class='ocrx_word' id='word_1_30' title='bbox 237 812 349 855; x_wconf 88' lang='lat' dir='ltr'>cruore</span> <span class='ocrx_word' id='word_1_31' title='bbox 365 789 548 870; x_wconf 73' lang='lat' dir='ltr'>abstineret,</span> <span class='ocrx_word' id='word_1_32' title='bbox 570 789 680 854; x_wconf 87' lang='lat' dir='ltr'>Marco</span> <span class='ocrx_word' id='word_1_33' title='bbox 695 788 860 854; x_wconf 87' lang='lat' dir='ltr'>Antonino</span> <span class='ocrx_word' id='word_1_34' title='bbox 882 811 947 854; x_wconf 92' lang='lat' dir='ltr'>non</span> <span class='ocrx_word' id='word_1_35' title='bbox 961 789 1029 855; x_wconf 87' lang='lat' dir='ltr'>abs&#39;</span> <span class='ocrx_word' id='word_1_36' title='bbox 1067 789 1124 868; x_wconf 85' lang='lat' dir='ltr'>&#39;&#39;s,</span> <span class='ocrx_word' id='word_1_37' title='bbox 1147 812 1243 873; x_wconf 89' lang='lat' dir='ltr'>quem</span> <span class='ocrx_word' id='word_1_38' title='bbox 1258 789 1354 855; x_wconf 89' lang='lat' dir='ltr'>etiam</span> 
     </span>
     <span class='ocr_line' id='line_1_7' title="bbox 182 873 512 940; baseline 0.003 -2"><span class='ocrx_word' id='word_1_39' title='bbox 182 873 335 940; x_wconf 86' lang='lat' dir='ltr'>aemulari</span> <span class='ocrx_word' id='word_1_40' title='bbox 357 874 512 940; x_wconf 86' lang='lat' dir='ltr'>studebat.</span> 
     </span>
    </p>

    <p class='ocr_par' dir='ltr' id='par_1_3' title="bbox 138 958 1486 1472">
     <span class='ocr_line' id='line_1_8' title="bbox 138 958 1355 1043; baseline 0.003 -22"><span class='ocrx_word' id='word_1_41' title='bbox 138 963 173 1022; x_wconf 81' lang='lat'>17</span> <span class='ocrx_word' id='word_1_42' title='bbox 263 959 342 1026; x_wconf 84' lang='lat' dir='ltr'>Post</span> <span class='ocrx_word' id='word_1_43' title='bbox 363 959 448 1025; x_wconf 89' lang='lat' dir='ltr'>huno</span> <span class='ocrx_word' id='word_1_44' title='bbox 469 959 632 1039; x_wconf 90' lang='lat' dir='ltr'>Iovianus,</span> <span class='ocrx_word' id='word_1_45' title='bbox 655 958 710 1043; x_wconf 90' lang='lat' dir='ltr'>qui</span> <span class='ocrx_word' id='word_1_46' title='bbox 732 965 809 1026; x_wconf 90' lang='lat' dir='ltr'>tunc</span> <span class='ocrx_word' id='word_1_47' title='bbox 833 961 1024 1025; x_wconf 88' lang='lat' dir='ltr'>domesticus</span> <span class='ocrx_word' id='word_1_48' title='bbox 1046 959 1213 1040; x_wconf 86' lang='lat' dir='ltr'>militabat,</span> <span class='ocrx_word' id='word_1_49' title='bbox 1236 961 1278 1024; x_wconf 84' lang='lat' dir='ltr'>ad</span> <span class='ocrx_word' id='word_1_50' title='bbox 1299 961 1355 1025; x_wconf 93' lang='lat' dir='ltr'>ob-</span> 
     </span>
     <span class='ocr_line' id='line_1_9' title="bbox 175 1045 1354 1130; baseline 0 -20"><span class='ocrx_word' id='word_1_51' title='bbox 175 1045 342 1110; x_wconf 89' lang='lat' dir='ltr'>tinendum</span> <span class='ocrx_word' id='word_1_52' title='bbox 356 1045 527 1130; x_wconf 89' lang='lat' dir='ltr'>imperium</span> <span class='ocrx_word' id='word_1_53' title='bbox 542 1067 698 1110; x_wconf 90' lang='lat' dir='ltr'>consensu</span> <span class='ocrx_word' id='word_1_54' title='bbox 713 1047 871 1111; x_wconf 88' lang='lat' dir='ltr'>exercitus</span> <span class='ocrx_word' id='word_1_55' title='bbox 885 1047 987 1111; x_wconf 88' lang='lat' dir='ltr'>lectus</span> <span class='ocrx_word' id='word_1_56' title='bbox 1002 1050 1059 1125; x_wconf 90' lang='lat' dir='ltr'>est,</span> <span class='ocrx_word' id='word_1_57' title='bbox 1082 1046 1354 1111; x_wconf 86' lang='lat' dir='ltr'>commendatione</span> 
     </span>
     <span class='ocr_line' id='line_1_10' title="bbox 176 1130 1399 1215; baseline 0.002 -20"><span class='ocrx_word' id='word_1_58' title='bbox 176 1132 275 1215; x_wconf 82' lang='lat' dir='ltr'>patris</span> <span class='ocrx_word' id='word_1_59' title='bbox 298 1130 454 1196; x_wconf 84' lang='lat' dir='ltr'>militibus</span> <span class='ocrx_word' id='word_1_60' title='bbox 469 1154 566 1214; x_wconf 88' lang='lat' dir='ltr'>quam</span> <span class='ocrx_word' id='word_1_61' title='bbox 588 1153 647 1195; x_wconf 91' lang='lat' dir='ltr'>sua</span> <span class='ocrx_word' id='word_1_62' title='bbox 661 1133 775 1197; x_wconf 88' lang='lat' dir='ltr'>notior.</span> <span class='ocrx_word' id='word_1_63' title='bbox 818 1132 874 1215; x_wconf 91' lang='lat' dir='ltr'>qui</span> <span class='ocrx_word' id='word_1_64' title='bbox 893 1132 958 1197; x_wconf 84' lang='lat' dir='ltr'>iam</span> <span class='ocrx_word' id='word_1_65' title='bbox 979 1131 1117 1195; x_wconf 86' lang='lat' dir='ltr'>turbatis</span> <span class='ocrx_word' id='word_1_66' title='bbox 1138 1132 1242 1209; x_wconf 88' lang='lat' dir='ltr'>rebus,</span> <span class='ocrx_word' id='word_1_67' title='bbox 1267 1154 1354 1196; x_wconf 85' lang='lat' dir='ltr'>exer·</span> <span class='ocrx_word' id='word_1_68' title='bbox 1367 1152 1399 1197; x_wconf 87' lang='lat'>10</span> 
     </span>
     <span class='ocr_line' id='line_1_11' title="bbox 177 1215 1486 1307; baseline 0 -27"><span class='ocrx_word' id='word_1_69' title='bbox 177 1217 243 1280; x_wconf 88' lang='lat' dir='ltr'>citu</span> <span class='ocrx_word' id='word_1_70' title='bbox 266 1237 395 1300; x_wconf 89' lang='lat' dir='ltr'>quoque</span> <span class='ocrx_word' id='word_1_71' title='bbox 417 1217 526 1300; x_wconf 91' lang='lat' dir='ltr'>inopia</span> <span class='ocrx_word' id='word_1_72' title='bbox 548 1216 723 1295; x_wconf 84' lang='lat' dir='ltr'>laborante,</span> <span class='ocrx_word' id='word_1_73' title='bbox 744 1238 810 1282; x_wconf 91' lang='lat' dir='ltr'>uno</span> <span class='ocrx_word' id='word_1_74' title='bbox 832 1240 852 1281; x_wconf 91' lang='lat' dir='ltr'>a</span> <span class='ocrx_word' id='word_1_75' title='bbox 865 1215 971 1281; x_wconf 89' lang='lat' dir='ltr'>Persis</span> <span class='ocrx_word' id='word_1_76' title='bbox 993 1221 1089 1301; x_wconf 88' lang='lat' dir='ltr'>atque</span> <span class='ocrx_word' id='word_1_77' title='bbox 1111 1216 1213 1282; x_wconf 86' lang='lat' dir='ltr'>altero</span> <span class='ocrx_word' id='word_1_78' title='bbox 1235 1218 1354 1301; x_wconf 88' lang='lat' dir='ltr'>proelio</span> <span class='ocrx_word' id='word_1_79' title='bbox 1485 1288 1486 1307; x_wconf 40' lang='lat'>,</span> 
     </span>
     <span class='ocr_line' id='line_1_12' title="bbox 175 1301 1486 1388; baseline 0.002 -23"><span class='ocrx_word' id='word_1_80' title='bbox 175 1302 279 1366; x_wconf 83' lang='lat' dir='ltr'>rictus</span> <span class='ocrx_word' id='word_1_81' title='bbox 306 1324 418 1385; x_wconf 89' lang='lat' dir='ltr'>pacem</span> <span class='ocrx_word' id='word_1_82' title='bbox 444 1323 517 1366; x_wconf 91' lang='lat' dir='ltr'>cum</span> <span class='ocrx_word' id='word_1_83' title='bbox 543 1301 663 1385; x_wconf 84' lang='lat' dir='ltr'>Sapore</span> <span class='ocrx_word' id='word_1_84' title='bbox 694 1303 905 1368; x_wconf 87' lang='lat' dir='ltr'>necessariam</span> <span class='ocrx_word' id='word_1_85' title='bbox 938 1302 1069 1387; x_wconf 89' lang='lat' dir='ltr'>quidem</span> <span class='ocrx_word' id='word_1_86' title='bbox 1097 1302 1154 1367; x_wconf 88' lang='lat' dir='ltr'>sed</span> <span class='ocrx_word' id='word_1_87' title='bbox 1178 1303 1354 1388; x_wconf 81' lang='lat' dir='ltr'>ignobilem</span> <span class='ocrx_word' id='word_1_88' title='bbox 1485 1310 1486 1381; x_wconf 66' lang='lat' dir='ltr'>t</span> 
     </span>
     <span class='ocr_line' id='line_1_13' title="bbox 176 1385 1486 1472; baseline -0.001 -22"><span class='ocrx_word' id='word_1_89' title='bbox 176 1387 260 1464; x_wconf 87' lang='lat' dir='ltr'>fecit,</span> <span class='ocrx_word' id='word_1_90' title='bbox 283 1387 437 1450; x_wconf 86' lang='lat' dir='ltr'>multatus</span> <span class='ocrx_word' id='word_1_91' title='bbox 458 1385 574 1451; x_wconf 84' lang='lat' dir='ltr'>finibus</span> <span class='ocrx_word' id='word_1_92' title='bbox 598 1409 635 1453; x_wconf 93' lang='lat' dir='ltr'>ac</span> <span class='ocrx_word' id='word_1_93' title='bbox 649 1388 803 1452; x_wconf 84' lang='lat' dir='ltr'>nonnulla</span> <span class='ocrx_word' id='word_1_94' title='bbox 817 1388 945 1471; x_wconf 88' lang='lat' dir='ltr'>imperii</span> <span class='ocrx_word' id='word_1_95' title='bbox 960 1387 1097 1453; x_wconf 85' lang='lat' dir='ltr'>Romani</span> <span class='ocrx_word' id='word_1_96' title='bbox 1117 1392 1210 1472; x_wconf 89' lang='lat' dir='ltr'>parte</span> <span class='ocrx_word' id='word_1_97' title='bbox 1229 1389 1354 1454; x_wconf 88' lang='lat' dir='ltr'>tradita.</span> <span class='ocrx_word' id='word_1_98' title='bbox 1485 1392 1486 1449; x_wconf 72' lang='lat' dir='ltr'>l</span> 
     </span>
    </p>

    <p class='ocr_par' dir='ltr' id='par_1_4' title="bbox 145 1472 1397 1643">
     <span class='ocr_line' id='line_1_14' title="bbox 145 1472 1355 1560; baseline 0.002 -25"><span class='ocrx_word' id='word_1_99' title='bbox 145 1473 266 1556; x_wconf 75' lang='lat' dir='ltr'>aquod</span> <span class='ocrx_word' id='word_1_100' title='bbox 288 1476 361 1537; x_wconf 86' lang='lat' dir='ltr'>ante</span> <span class='ocrx_word' id='word_1_101' title='bbox 384 1493 457 1536; x_wconf 87' lang='lat' dir='ltr'>eum</span> <span class='ocrx_word' id='word_1_102' title='bbox 485 1472 576 1536; x_wconf 91' lang='lat' dir='ltr'>annis</span> <span class='ocrx_word' id='word_1_103' title='bbox 602 1473 689 1537; x_wconf 90' lang='lat' dir='ltr'>mille</span> <span class='ocrx_word' id='word_1_104' title='bbox 713 1477 841 1538; x_wconf 86' lang='lat' dir='ltr'>centum</span> <span class='ocrx_word' id='word_1_105' title='bbox 869 1478 900 1538; x_wconf 90' lang='lat' dir='ltr'>et</span> <span class='ocrx_word' id='word_1_106' title='bbox 927 1475 1051 1539; x_wconf 90' lang='lat' dir='ltr'>duobus</span> <span class='ocrx_word' id='word_1_107' title='bbox 1078 1474 1117 1538; x_wconf 90' lang='lat' dir='ltr'>de</span> <span class='ocrx_word' id='word_1_108' title='bbox 1138 1474 1255 1560; x_wconf 81' lang='lat' dir='ltr'>viginti</span> <span class='ocrx_word' id='word_1_109' title='bbox 1280 1475 1355 1550; x_wconf 82' lang='lat' dir='ltr'>fere,</span> 
     </span>
     <span class='ocr_line' id='line_1_15' title="bbox 178 1555 1397 1643; baseline 0.002 -22"><span class='ocrx_word' id='word_1_110' title='bbox 178 1579 218 1621; x_wconf 86' lang='lat' dir='ltr'>ex</span> <span class='ocrx_word' id='word_1_111' title='bbox 245 1579 309 1641; x_wconf 90' lang='lat' dir='ltr'>quo</span> <span class='ocrx_word' id='word_1_112' title='bbox 332 1555 515 1622; x_wconf 88' lang='lat' dir='ltr'>Romanum</span> <span class='ocrx_word' id='word_1_113' title='bbox 540 1558 710 1641; x_wconf 87' lang='lat' dir='ltr'>imperium</span> <span class='ocrx_word' id='word_1_114' title='bbox 736 1560 899 1624; x_wconf 89' lang='lat' dir='ltr'>conditum</span> <span class='ocrx_word' id='word_1_115' title='bbox 925 1564 1007 1640; x_wconf 89' lang='lat' dir='ltr'>erat,</span> <span class='ocrx_word' id='word_1_116' title='bbox 1032 1582 1207 1643; x_wconf 87' lang='lat' dir='ltr'>numquam</span> <span class='ocrx_word' id='word_1_117' title='bbox 1233 1561 1397 1625; x_wconf 74' lang='lat' dir='ltr'>ascititia</span> 
     </span>
    </p>

    <p class='ocr_par' dir='ltr' id='par_1_5' title="bbox 199 1643 1355 1729">
     <span class='ocr_line' id='line_1_16' title="bbox 199 1643 1355 1729; baseline 0.003 -23"><span class='ocrx_word' id='word_1_118' title='bbox 199 1643 255 1706; x_wconf 91' lang='lat' dir='ltr'>uin</span> <span class='ocrx_word' id='word_1_119' title='bbox 278 1644 375 1707; x_wconf 90' lang='lat' dir='ltr'>etiam</span> <span class='ocrx_word' id='word_1_120' title='bbox 396 1643 541 1728; x_wconf 80' lang='lat' dir='ltr'>legiones</span> <span class='ocrx_word' id='word_1_121' title='bbox 564 1648 692 1709; x_wconf 87' lang='lat' dir='ltr'>nostrae</span> <span class='ocrx_word' id='word_1_122' title='bbox 714 1645 761 1708; x_wconf 91' lang='lat' dir='ltr'>ita</span> <span class='ocrx_word' id='word_1_123' title='bbox 784 1650 816 1710; x_wconf 89' lang='lat' dir='ltr'>et</span> <span class='ocrx_word' id='word_1_124' title='bbox 838 1645 923 1729; x_wconf 90' lang='lat' dir='ltr'>apud</span> <span class='ocrx_word' id='word_1_125' title='bbox 945 1645 1101 1710; x_wconf 79' lang='lat' dir='ltr'>Gaudium</span> <span class='ocrx_word' id='word_1_126' title='bbox 1126 1667 1184 1729; x_wconf 88' lang='lat' dir='ltr'>per</span> <span class='ocrx_word' id='word_1_127' title='bbox 1204 1643 1355 1710; x_wconf 91' lang='lat' dir='ltr'>Pontium</span> 
     </span>
    </p>

    <p class='ocr_par' dir='ltr' id='par_1_6' title="bbox 161 1665 1486 2242">
     <span class='ocr_line' id='line_1_17' title="bbox 161 1665 1355 1814; baseline 0.003 -23"><span class='ocrx_word' id='word_1_128' title='bbox 161 1665 360 1792; x_wconf 71' lang='lat' dir='ltr'>-lelesinum</span> <span class='ocrx_word' id='word_1_129' title='bbox 382 1732 415 1792; x_wconf 89' lang='lat' dir='ltr'>et</span> <span class='ocrx_word' id='word_1_130' title='bbox 436 1732 470 1793; x_wconf 93' lang='lat' dir='ltr'>in</span> <span class='ocrx_word' id='word_1_131' title='bbox 491 1728 648 1813; x_wconf 87' lang='lat' dir='ltr'>Hispania</span> <span class='ocrx_word' id='word_1_132' title='bbox 672 1730 757 1814; x_wconf 88' lang='lat' dir='ltr'>apud</span> <span class='ocrx_word' id='word_1_133' title='bbox 778 1729 989 1795; x_wconf 86' lang='lat' dir='ltr'>Numantiam</span> <span class='ocrx_word' id='word_1_134' title='bbox 1011 1734 1044 1794; x_wconf 87' lang='lat' dir='ltr'>et</span> <span class='ocrx_word' id='word_1_135' title='bbox 1065 1731 1099 1794; x_wconf 91' lang='lat' dir='ltr'>in</span> <span class='ocrx_word' id='word_1_136' title='bbox 1120 1728 1274 1795; x_wconf 84' lang='lat' dir='ltr'>Numidia</span> <span class='ocrx_word' id='word_1_137' title='bbox 1295 1731 1355 1796; x_wconf 86' lang='lat' dir='ltr'>sub</span> 
     </span>
     <span class='ocr_line' id='line_1_18' title="bbox 177 1813 1354 1900; baseline 0.004 -25"><span class='ocrx_word' id='word_1_138' title='bbox 177 1813 290 1898; x_wconf 83' lang='lat' dir='ltr'>iugum</span> <span class='ocrx_word' id='word_1_139' title='bbox 312 1813 427 1878; x_wconf 88' lang='lat' dir='ltr'>missae</span> <span class='ocrx_word' id='word_1_140' title='bbox 450 1818 532 1892; x_wconf 86' lang='lat' dir='ltr'>sunt,</span> <span class='ocrx_word' id='word_1_141' title='bbox 555 1819 592 1878; x_wconf 92' lang='lat' dir='ltr'>ut</span> <span class='ocrx_word' id='word_1_142' title='bbox 614 1815 695 1878; x_wconf 90' lang='lat' dir='ltr'>nihil</span> <span class='ocrx_word' id='word_1_143' title='bbox 709 1819 819 1880; x_wconf 88' lang='lat' dir='ltr'>tamen</span> <span class='ocrx_word' id='word_1_144' title='bbox 841 1815 953 1880; x_wconf 91' lang='lat' dir='ltr'>finium</span> <span class='ocrx_word' id='word_1_145' title='bbox 974 1815 1162 1880; x_wconf 86' lang='lat' dir='ltr'>traderetur.</span> <span class='ocrx_word' id='word_1_146' title='bbox 1207 1838 1245 1880; x_wconf 89' lang='lat' dir='ltr'>ea</span> <span class='ocrx_word' id='word_1_147' title='bbox 1267 1817 1354 1900; x_wconf 85' lang='lat' dir='ltr'>pacis</span> 
     </span>
     <span class='ocr_line' id='line_1_19' title="bbox 177 1899 1356 1982; baseline 0.002 -20"><span class='ocrx_word' id='word_1_148' title='bbox 177 1899 320 1963; x_wconf 89' lang='lat' dir='ltr'>condicio</span> <span class='ocrx_word' id='word_1_149' title='bbox 336 1921 400 1963; x_wconf 92' lang='lat' dir='ltr'>non</span> <span class='ocrx_word' id='word_1_150' title='bbox 414 1899 541 1982; x_wconf 89' lang='lat' dir='ltr'>penitus</span> <span class='ocrx_word' id='word_1_151' title='bbox 557 1900 819 1982; x_wconf 85' lang='lat' dir='ltr'>reprehendenda</span> <span class='ocrx_word' id='word_1_152' title='bbox 833 1901 926 1980; x_wconf 88' lang='lat' dir='ltr'>foret,</span> <span class='ocrx_word' id='word_1_153' title='bbox 941 1901 968 1965; x_wconf 88' lang='lat' dir='ltr'>si</span> <span class='ocrx_word' id='word_1_154' title='bbox 982 1901 1119 1966; x_wconf 86' lang='lat' dir='ltr'>foederis</span> <span class='ocrx_word' id='word_1_155' title='bbox 1133 1902 1356 1967; x_wconf 83' lang='lat' dir='ltr'>necessitatem</span> 
     </span>
     <span class='ocr_line' id='line_1_20' title="bbox 176 1983 1486 2071; baseline 0.002 -25"><span class='ocrx_word' id='word_1_156' title='bbox 176 1986 254 2062; x_wconf 91' lang='lat' dir='ltr'>tum,</span> <span class='ocrx_word' id='word_1_157' title='bbox 277 2005 350 2047; x_wconf 92' lang='lat' dir='ltr'>cum</span> <span class='ocrx_word' id='word_1_158' title='bbox 363 1983 525 2069; x_wconf 83' lang='lat' dir='ltr'>integrum</span> <span class='ocrx_word' id='word_1_159' title='bbox 539 1984 610 2063; x_wconf 89' lang='lat' dir='ltr'>fuit,</span> <span class='ocrx_word' id='word_1_160' title='bbox 632 1989 756 2050; x_wconf 88' lang='lat' dir='ltr'>mutare</span> <span class='ocrx_word' id='word_1_161' title='bbox 772 1986 933 2067; x_wconf 83' lang='lat' dir='ltr'>voluisset,</span> <span class='ocrx_word' id='word_1_162' title='bbox 956 1987 1038 2052; x_wconf 87' lang='lat' dir='ltr'>sicut</span> <span class='ocrx_word' id='word_1_163' title='bbox 1053 2011 1072 2052; x_wconf 91' lang='lat' dir='ltr'>a</span> <span class='ocrx_word' id='word_1_164' title='bbox 1086 1986 1239 2052; x_wconf 82' lang='lat' dir='ltr'>Romanis</span> <span class='ocrx_word' id='word_1_165' title='bbox 1254 1986 1354 2051; x_wconf 91' lang='lat' dir='ltr'>omni·</span> <span class='ocrx_word' id='word_1_166' title='bbox 1365 2004 1397 2049; x_wconf 72' lang='lat' dir='ltr'>ao</span> <span class='ocrx_word' id='word_1_167' title='bbox 1485 2068 1486 2071; x_wconf 8' lang='grc' dir='ltr'><strong>Ἴ</strong></span> 
     </span>
     <span class='ocr_line' id='line_1_21' title="bbox 176 2065 1486 2154; baseline 0.003 -22"><span class='ocrx_word' id='word_1_168' title='bbox 176 2069 237 2132; x_wconf 91' lang='lat' dir='ltr'>bus</span> <span class='ocrx_word' id='word_1_169' title='bbox 252 2068 302 2132; x_wconf 87' lang='lat' dir='ltr'>his</span> <span class='ocrx_word' id='word_1_170' title='bbox 316 2069 419 2149; x_wconf 91' lang='lat' dir='ltr'>bellis,</span> <span class='ocrx_word' id='word_1_171' title='bbox 435 2065 516 2154; x_wconf 88' lang='lat' dir='ltr'>quae</span> <span class='ocrx_word' id='word_1_172' title='bbox 531 2072 784 2151; x_wconf 89' lang='lat' dir='ltr'>commemoravi,</span> <span class='ocrx_word' id='word_1_173' title='bbox 799 2072 919 2137; x_wconf 82' lang='lat' dir='ltr'>factum</span> <span class='ocrx_word' id='word_1_174' title='bbox 936 2077 993 2138; x_wconf 85' lang='lat' dir='ltr'>est.</span> <span class='ocrx_word' id='word_1_175' title='bbox 1021 2096 1097 2137; x_wconf 89' lang='lat' dir='ltr'>nam</span> <span class='ocrx_word' id='word_1_176' title='bbox 1112 2077 1145 2137; x_wconf 87' lang='lat' dir='ltr'>et</span> <span class='ocrx_word' id='word_1_177' title='bbox 1158 2071 1353 2138; x_wconf 81' lang='lat' dir='ltr'>Samnitibus</span> <span class='ocrx_word' id='word_1_178' title='bbox 1485 2086 1486 2151; x_wconf 58' lang='grc' dir='ltr'>ξ</span> 
     </span>
     <span class='ocr_line' id='line_1_22' title="bbox 177 2151 1352 2242; baseline 0.003 -26"><span class='ocrx_word' id='word_1_179' title='bbox 177 2158 208 2217; x_wconf 88' lang='grc'>61</span> <span class='ocrx_word' id='word_1_180' title='bbox 239 2151 444 2220; x_wconf 87' lang='lat' dir='ltr'>Numantinis</span> <span class='ocrx_word' id='word_1_181' title='bbox 476 2159 508 2219; x_wconf 90' lang='lat' dir='ltr'>et</span> <span class='ocrx_word' id='word_1_182' title='bbox 535 2154 684 2221; x_wconf 89' lang='lat' dir='ltr'>Numidis</span> <span class='ocrx_word' id='word_1_183' title='bbox 716 2157 884 2222; x_wconf 85' lang='lat' dir='ltr'>confestim</span> <span class='ocrx_word' id='word_1_184' title='bbox 915 2159 999 2223; x_wconf 91' lang='lat' dir='ltr'>bella</span> <span class='ocrx_word' id='word_1_185' title='bbox 1029 2159 1119 2222; x_wconf 90' lang='lat' dir='ltr'>illata</span> <span class='ocrx_word' id='word_1_186' title='bbox 1149 2165 1223 2223; x_wconf 89' lang='lat' dir='ltr'>sunt</span> <span class='ocrx_word' id='word_1_187' title='bbox 1249 2181 1352 2242; x_wconf 90' lang='lat' dir='ltr'>neque</span> 
     </span>
    </p>

    <p class='ocr_par' dir='ltr' id='par_1_7' title="bbox 142 2240 1394 2577">
     <span class='ocr_line' id='line_1_23' title="bbox 142 2240 1353 2410; baseline 0.002 -23"><span class='ocrx_word' id='word_1_188' title='bbox 142 2244 323 2388; x_wconf 58' lang='grc' dir='ltr'><strong>311112ῗέ</strong></span> <span class='ocrx_word' id='word_1_189' title='bbox 337 2240 1353 2410; x_wconf 40' lang='grc' dir='ltr'><strong>Ϋξῗὲὼῗᾶ,ἓῖζῗΐῖῗὲξῶᾞᾞ111θὲῖὲἳῆ11ῃῖἓεῖἒίῗέ</strong></span> 
     </span>
     <span class='ocr_line' id='line_1_24' title="bbox 175 2350 1394 2494; baseline 0.001 -23"><span class='ocrx_word' id='word_1_190' title='bbox 175 2403 471 2492; x_wconf 58' lang='grc'><strong>11111161111111616116</strong></span> <span class='ocrx_word' id='word_1_191' title='bbox 493 2411 525 2472; x_wconf 90' lang='lat' dir='ltr'>in</span> <span class='ocrx_word' id='word_1_192' title='bbox 549 2410 692 2474; x_wconf 81' lang='lat' dir='ltr'>Galatiae</span> <span class='ocrx_word' id='word_1_193' title='bbox 719 2411 836 2475; x_wconf 88' lang='lat' dir='ltr'>finibus</span> <span class='ocrx_word' id='word_1_194' title='bbox 862 2350 1028 2494; x_wconf 61' lang='lat' dir='ltr'>rebentina</span> <span class='ocrx_word' id='word_1_195' title='bbox 1054 2350 1156 2475; x_wconf 62' lang='lat' dir='ltr'>mogrtre</span> <span class='ocrx_word' id='word_1_196' title='bbox 1183 2411 1276 2491; x_wconf 90' lang='lat' dir='ltr'>obiit,</span> <span class='ocrx_word' id='word_1_197' title='bbox 1292 2411 1394 2479; x_wconf 73' lang='grc'><strong>,11115</strong></span> 
     </span>
     <span class='ocr_line' id='line_1_25' title="bbox 177 2493 828 2577; baseline 0.003 -21"><span class='ocrx_word' id='word_1_198' title='bbox 177 2493 256 2556; x_wconf 89' lang='lat' dir='ltr'>alias</span> <span class='ocrx_word' id='word_1_199' title='bbox 278 2515 381 2577; x_wconf 88' lang='lat' dir='ltr'>neque</span> <span class='ocrx_word' id='word_1_200' title='bbox 403 2494 488 2557; x_wconf 88' lang='lat' dir='ltr'>iners</span> <span class='ocrx_word' id='word_1_201' title='bbox 510 2516 614 2576; x_wconf 90' lang='lat' dir='ltr'>neque</span> <span class='ocrx_word' id='word_1_202' title='bbox 636 2495 828 2577; x_wconf 89' lang='lat' dir='ltr'>imprudens.</span> 
     </span>
    </p>

    <p class='ocr_par' dir='ltr' id='par_1_8' title="bbox 133 2577 1353 2840">
     <span class='ocr_line' id='line_1_26' title="bbox 133 2577 1353 2662; baseline 0.004 -18"><span class='ocrx_word' id='word_1_203' title='bbox 133 2583 171 2644; x_wconf 89' lang='lat'>18</span> <span class='ocrx_word' id='word_1_204' title='bbox 261 2577 357 2641; x_wconf 91' lang='lat' dir='ltr'>Multi</span> <span class='ocrx_word' id='word_1_205' title='bbox 379 2578 596 2643; x_wconf 88' lang='lat' dir='ltr'>exanimatum</span> <span class='ocrx_word' id='word_1_206' title='bbox 618 2579 790 2662; x_wconf 88' lang='lat' dir='ltr'>opinantur</span> <span class='ocrx_word' id='word_1_207' title='bbox 816 2580 914 2644; x_wconf 87' lang='lat' dir='ltr'>nimia</span> <span class='ocrx_word' id='word_1_208' title='bbox 936 2580 1106 2660; x_wconf 89' lang='lat' dir='ltr'>cruditate,</span> <span class='ocrx_word' id='word_1_209' title='bbox 1134 2581 1217 2646; x_wconf 88' lang='lat' dir='ltr'>inter</span> <span class='ocrx_word' id='word_1_210' title='bbox 1239 2606 1353 2649; x_wconf 90' lang='lat' dir='ltr'>cenan-</span> 
     </span>
     <span class='ocr_line' id='line_1_27' title="bbox 176 2662 1353 2750; baseline 0.006 -23"><span class='ocrx_word' id='word_1_211' title='bbox 176 2663 252 2727; x_wconf 90' lang='lat' dir='ltr'>dum</span> <span class='ocrx_word' id='word_1_212' title='bbox 273 2663 358 2728; x_wconf 88' lang='lat' dir='ltr'>enim</span> <span class='ocrx_word' id='word_1_213' title='bbox 380 2662 481 2747; x_wconf 90' lang='lat' dir='ltr'>epulis</span> <span class='ocrx_word' id='word_1_214' title='bbox 503 2664 687 2742; x_wconf 86' lang='lat' dir='ltr'>indulserat,</span> <span class='ocrx_word' id='word_1_215' title='bbox 710 2664 766 2728; x_wconf 88' lang='lat' dir='ltr'>alii</span> <span class='ocrx_word' id='word_1_216' title='bbox 780 2664 876 2730; x_wconf 90' lang='lat' dir='ltr'>odore</span> <span class='ocrx_word' id='word_1_217' title='bbox 896 2666 1041 2746; x_wconf 90' lang='lat' dir='ltr'>cubiculi,</span> <span class='ocrx_word' id='word_1_218' title='bbox 1064 2668 1151 2750; x_wconf 91' lang='lat' dir='ltr'>quod</span> <span class='ocrx_word' id='word_1_219' title='bbox 1174 2690 1213 2732; x_wconf 86' lang='lat' dir='ltr'>ex</span> <span class='ocrx_word' id='word_1_220' title='bbox 1234 2671 1353 2734; x_wconf 88' lang='lat' dir='ltr'>recenti</span> 
     </span>
     <span class='ocr_line' id='line_1_28' title="bbox 175 2748 1353 2840; baseline 0.008 -29"><span class='ocrx_word' id='word_1_221' title='bbox 175 2748 308 2812; x_wconf 91' lang='lat' dir='ltr'>tectorio</span> <span class='ocrx_word' id='word_1_222' title='bbox 331 2749 425 2814; x_wconf 90' lang='lat' dir='ltr'>calcis</span> <span class='ocrx_word' id='word_1_223' title='bbox 446 2770 544 2835; x_wconf 79' lang='lat' dir='ltr'>grave</span> <span class='ocrx_word' id='word_1_224' title='bbox 567 2750 802 2833; x_wconf 86' lang='lat' dir='ltr'>quiescentibus</span> <span class='ocrx_word' id='word_1_225' title='bbox 829 2755 912 2831; x_wconf 89' lang='lat' dir='ltr'>erat,</span> <span class='ocrx_word' id='word_1_226' title='bbox 940 2752 1070 2836; x_wconf 90' lang='lat' dir='ltr'>quidam</span> <span class='ocrx_word' id='word_1_227' title='bbox 1091 2754 1256 2819; x_wconf 89' lang='lat' dir='ltr'>nimietate</span> <span class='ocrx_word' id='word_1_228' title='bbox 1278 2779 1353 2840; x_wconf 89' lang='lat' dir='ltr'>pru-</span> 
     </span>
    </p>

    <p class='ocr_par' dir='ltr' id='par_1_9' title="bbox 141 2835 1394 3008">
     <span class='ocr_line' id='line_1_29' title="bbox 141 2835 1394 2922; baseline 0.002 -26"><span class='ocrx_word' id='word_1_229' title='bbox 141 2850 156 2897; x_wconf 79' lang='lat' dir='ltr'>a</span> <span class='ocrx_word' id='word_1_230' title='bbox 175 2856 296 2913; x_wconf 88' lang='lat' dir='ltr'>narum,</span> <span class='ocrx_word' id='word_1_231' title='bbox 318 2857 397 2918; x_wconf 88' lang='lat' dir='ltr'>quas</span> <span class='ocrx_word' id='word_1_232' title='bbox 419 2835 510 2921; x_wconf 85' lang='lat' dir='ltr'>gravi</span> <span class='ocrx_word' id='word_1_233' title='bbox 531 2835 651 2922; x_wconf 86' lang='lat' dir='ltr'>frigore</span> <span class='ocrx_word' id='word_1_234' title='bbox 674 2836 794 2901; x_wconf 90' lang='lat' dir='ltr'>adoleri</span> <span class='ocrx_word' id='word_1_235' title='bbox 816 2837 933 2902; x_wconf 87' lang='lat' dir='ltr'>multas</span> <span class='ocrx_word' id='word_1_236' title='bbox 947 2839 1092 2904; x_wconf 84' lang='lat' dir='ltr'>iusserat.</span> <span class='ocrx_word' id='word_1_237' title='bbox 1136 2841 1272 2905; x_wconf 87' lang='lat' dir='ltr'>decessit</span> <span class='ocrx_word' id='word_1_238' title='bbox 1292 2841 1351 2904; x_wconf 91' lang='lat' dir='ltr'>im-</span> <span class='ocrx_word' id='word_1_239' title='bbox 1363 2854 1394 2899; x_wconf 88' lang='lat'>30</span> 
     </span>
     <span class='ocr_line' id='line_1_30' title="bbox 174 2919 1351 3008; baseline 0.003 -24"><span class='ocrx_word' id='word_1_240' title='bbox 174 2919 257 3004; x_wconf 86' lang='lat' dir='ltr'>perii</span> <span class='ocrx_word' id='word_1_241' title='bbox 277 2941 384 2984; x_wconf 90' lang='lat' dir='ltr'>mense</span> <span class='ocrx_word' id='word_1_242' title='bbox 407 2920 556 3004; x_wconf 90' lang='lat' dir='ltr'>septimo,</span> <span class='ocrx_word' id='word_1_243' title='bbox 581 2921 676 2985; x_wconf 82' lang='lat' dir='ltr'>tertio</span> <span class='ocrx_word' id='word_1_244' title='bbox 705 2922 826 2986; x_wconf 89' lang='lat' dir='ltr'>decimo</span> <span class='ocrx_word' id='word_1_245' title='bbox 850 2923 921 2987; x_wconf 87' lang='lat' dir='ltr'>Kal.</span> <span class='ocrx_word' id='word_1_246' title='bbox 944 2923 1052 3004; x_wconf 83' lang='lat' dir='ltr'>Mart,</span> <span class='ocrx_word' id='word_1_247' title='bbox 1079 2926 1206 3005; x_wconf 78' lang='grc'><strong>6616116,</strong></span> <span class='ocrx_word' id='word_1_248' title='bbox 1232 2930 1269 2990; x_wconf 88' lang='lat' dir='ltr'>nt</span> <span class='ocrx_word' id='word_1_249' title='bbox 1296 2925 1351 3008; x_wconf 90' lang='lat' dir='ltr'>qui</span> 
     </span>
    </p>

    <p class='ocr_par' dir='ltr' id='par_1_10' title="bbox 174 3005 1351 3261">
     <span class='ocr_line' id='line_1_31' title="bbox 196 3005 1351 3087; baseline 0.003 -19"><span class='ocrx_word' id='word_1_250' title='bbox 196 3005 348 3070; x_wconf 90' lang='lat' dir='ltr'>lurimum</span> <span class='ocrx_word' id='word_1_251' title='bbox 369 3006 420 3070; x_wconf 80' lang='lat' dir='ltr'>vel</span> <span class='ocrx_word' id='word_1_252' title='bbox 441 3006 608 3070; x_wconf 90' lang='lat' dir='ltr'>minimum</span> <span class='ocrx_word' id='word_1_253' title='bbox 630 3007 775 3087; x_wconf 90' lang='lat' dir='ltr'>tradunt,</span> <span class='ocrx_word' id='word_1_254' title='bbox 803 3009 900 3072; x_wconf 88' lang='lat' dir='ltr'>tertio</span> <span class='ocrx_word' id='word_1_255' title='bbox 927 3013 960 3074; x_wconf 89' lang='grc'>61</span> <span class='ocrx_word' id='word_1_256' title='bbox 982 3011 1164 3075; x_wconf 89' lang='lat' dir='ltr'>tricensimo</span> <span class='ocrx_word' id='word_1_257' title='bbox 1193 3033 1287 3087; x_wconf 89' lang='lat' dir='ltr'>anno,</span> <span class='ocrx_word' id='word_1_258' title='bbox 1313 3030 1351 3072; x_wconf 90' lang='lat' dir='ltr'>ac</span> 
     </span>
     <span class='ocr_line' id='line_1_32' title="bbox 174 3028 1348 3176; baseline 0.003 -22"><span class='ocrx_word' id='word_1_259' title='bbox 174 3028 372 3176; x_wconf 72' lang='lat' dir='ltr'>benignitate</span> <span class='ocrx_word' id='word_1_260' title='bbox 393 3092 583 3175; x_wconf 90' lang='lat' dir='ltr'>principum,</span> <span class='ocrx_word' id='word_1_261' title='bbox 611 3093 666 3175; x_wconf 90' lang='lat' dir='ltr'>qui</span> <span class='ocrx_word' id='word_1_262' title='bbox 688 3093 718 3156; x_wconf 87' lang='lat' dir='ltr'>ei</span> <span class='ocrx_word' id='word_1_263' title='bbox 745 3099 975 3174; x_wconf 85' lang='lat' dir='ltr'>successerunt,</span> <span class='ocrx_word' id='word_1_264' title='bbox 1001 3096 1086 3160; x_wconf 89' lang='lat' dir='ltr'>inter</span> <span class='ocrx_word' id='word_1_265' title='bbox 1112 3097 1201 3160; x_wconf 85' lang='lat' dir='ltr'>divos</span> <span class='ocrx_word' id='word_1_266' title='bbox 1228 3095 1348 3157; x_wconf 86' lang='lat' dir='ltr'>relatus</span> 
     </span>
     <span class='ocr_line' id='line_1_33' title="bbox 177 3177 1348 3261; baseline 0.003 -22"><span class='ocrx_word' id='word_1_267' title='bbox 177 3180 233 3240; x_wconf 91' lang='lat' dir='ltr'>est.</span> <span class='ocrx_word' id='word_1_268' title='bbox 276 3199 351 3240; x_wconf 89' lang='lat' dir='ltr'>nam</span> <span class='ocrx_word' id='word_1_269' title='bbox 374 3181 406 3241; x_wconf 89' lang='lat' dir='ltr'>et</span> <span class='ocrx_word' id='word_1_270' title='bbox 428 3177 572 3242; x_wconf 84' lang='lat' dir='ltr'>civilitati</span> <span class='ocrx_word' id='word_1_271' title='bbox 593 3179 723 3261; x_wconf 87' lang='lat' dir='ltr'>propior</span> <span class='ocrx_word' id='word_1_272' title='bbox 746 3182 779 3241; x_wconf 92' lang='lat' dir='ltr'>et</span> <span class='ocrx_word' id='word_1_273' title='bbox 800 3183 916 3243; x_wconf 90' lang='lat' dir='ltr'>natura</span> <span class='ocrx_word' id='word_1_274' title='bbox 930 3181 1101 3245; x_wconf 91' lang='lat' dir='ltr'>admodum</span> <span class='ocrx_word' id='word_1_275' title='bbox 1122 3179 1264 3244; x_wconf 88' lang='lat' dir='ltr'>liberalis</span> <span class='ocrx_word' id='word_1_276' title='bbox 1278 3179 1348 3243; x_wconf 88' lang='lat' dir='ltr'>fuit.</span> 
     </span>
    </p>

    <p class='ocr_par' dir='ltr' id='par_1_11' title="bbox 141 3260 1392 3773">
     <span class='ocr_line' id='line_1_34' title="bbox 141 3260 1392 3330; baseline 0.001 -5"><span class='ocrx_word' id='word_1_277' title='bbox 141 3279 156 3325; x_wconf 81' lang='lat'><strong>3</strong></span> <span class='ocrx_word' id='word_1_278' title='bbox 260 3260 322 3326; x_wconf 88' lang='lat' dir='ltr'>Hic</span> <span class='ocrx_word' id='word_1_279' title='bbox 345 3265 445 3326; x_wconf 87' lang='lat' dir='ltr'>status</span> <span class='ocrx_word' id='word_1_280' title='bbox 468 3265 536 3326; x_wconf 89' lang='lat' dir='ltr'>erat</span> <span class='ocrx_word' id='word_1_281' title='bbox 558 3261 721 3326; x_wconf 82' lang='lat' dir='ltr'>Romanae</span> <span class='ocrx_word' id='word_1_282' title='bbox 744 3264 791 3327; x_wconf 90' lang='lat' dir='ltr'>rei</span> <span class='ocrx_word' id='word_1_283' title='bbox 807 3263 938 3329; x_wconf 84' lang='lat' dir='ltr'>Ioviano</span> <span class='ocrx_word' id='word_1_284' title='bbox 962 3266 1073 3329; x_wconf 88' lang='lat' dir='ltr'>eodem</span> <span class='ocrx_word' id='word_1_285' title='bbox 1095 3268 1127 3327; x_wconf 92' lang='lat' dir='ltr'>et</span> <span class='ocrx_word' id='word_1_286' title='bbox 1149 3265 1347 3330; x_wconf 86' lang='lat' dir='ltr'>Varroniano</span> <span class='ocrx_word' id='word_1_287' title='bbox 1358 3279 1392 3326; x_wconf 81' lang='lat'>35</span> 
     </span>
     <span class='ocr_line' id='line_1_35' title="bbox 176 3347 1350 3415; baseline 0.006 -7"><span class='ocrx_word' id='word_1_288' title='bbox 176 3347 356 3411; x_wconf 90' lang='lat' dir='ltr'>consulibus</span> <span class='ocrx_word' id='word_1_289' title='bbox 380 3369 461 3412; x_wconf 88' lang='lat' dir='ltr'>anno</span> <span class='ocrx_word' id='word_1_290' title='bbox 488 3347 576 3412; x_wconf 85' lang='lat' dir='ltr'>urbis</span> <span class='ocrx_word' id='word_1_291' title='bbox 603 3348 748 3412; x_wconf 88' lang='lat' dir='ltr'>conditae</span> <span class='ocrx_word' id='word_1_292' title='bbox 771 3349 961 3413; x_wconf 88' lang='lat' dir='ltr'>millensimo</span> <span class='ocrx_word' id='word_1_293' title='bbox 984 3350 1153 3414; x_wconf 88' lang='lat' dir='ltr'>centesimo</span> <span class='ocrx_word' id='word_1_294' title='bbox 1177 3353 1209 3414; x_wconf 93' lang='lat' dir='ltr'>et</span> <span class='ocrx_word' id='word_1_295' title='bbox 1236 3355 1350 3415; x_wconf 87' lang='lat' dir='ltr'>octavo</span> 
     </span>
     <span class='ocr_line' id='line_1_36' title="bbox 176 3431 1348 3520; baseline 0.007 -27"><span class='ocrx_word' id='word_1_296' title='bbox 176 3431 306 3495; x_wconf 83' lang='lat' dir='ltr'>decimo</span> <span class='ocrx_word' id='word_1_297' title='bbox 351 3432 426 3516; x_wconf 90' lang='lat' dir='ltr'>quia</span> <span class='ocrx_word' id='word_1_298' title='bbox 454 3437 561 3497; x_wconf 89' lang='lat' dir='ltr'>autem</span> <span class='ocrx_word' id='word_1_299' title='bbox 588 3433 628 3495; x_wconf 88' lang='lat' dir='ltr'>ad</span> <span class='ocrx_word' id='word_1_300' title='bbox 653 3434 781 3498; x_wconf 90' lang='lat' dir='ltr'>inclitos</span> <span class='ocrx_word' id='word_1_301' title='bbox 807 3435 966 3518; x_wconf 89' lang='lat' dir='ltr'>principes</span> <span class='ocrx_word' id='word_1_302' title='bbox 992 3434 1251 3519; x_wconf 82' lang='lat' dir='ltr'>venerandosque</span> <span class='ocrx_word' id='word_1_303' title='bbox 1277 3460 1348 3520; x_wconf 88' lang='lat' dir='ltr'>per-</span> 
     </span>
     <span class='ocr_line' id='line_1_37' title="bbox 174 3517 1349 3605; baseline 0.007 -27"><span class='ocrx_word' id='word_1_304' title='bbox 174 3520 306 3580; x_wconf 76' lang='lat' dir='ltr'>ventum</span> <span class='ocrx_word' id='word_1_305' title='bbox 329 3520 389 3596; x_wconf 86' lang='lat' dir='ltr'>cst,</span> <span class='ocrx_word' id='word_1_306' title='bbox 415 3517 543 3581; x_wconf 89' lang='lat' dir='ltr'>interim</span> <span class='ocrx_word' id='word_1_307' title='bbox 571 3518 658 3602; x_wconf 89' lang='lat' dir='ltr'>operi</span> <span class='ocrx_word' id='word_1_308' title='bbox 680 3520 811 3583; x_wconf 91' lang='lat' dir='ltr'>modum</span> <span class='ocrx_word' id='word_1_309' title='bbox 833 3519 985 3583; x_wconf 89' lang='lat' dir='ltr'>dabimus.</span> <span class='ocrx_word' id='word_1_310' title='bbox 1029 3542 1104 3583; x_wconf 90' lang='lat' dir='ltr'>nam</span> <span class='ocrx_word' id='word_1_311' title='bbox 1131 3521 1254 3605; x_wconf 85' lang='lat' dir='ltr'>reliqua</span> <span class='ocrx_word' id='word_1_312' title='bbox 1276 3523 1349 3586; x_wconf 88' lang='lat' dir='ltr'>stilo</span> 
     </span>
     <span class='ocr_line' id='line_1_38' title="bbox 174 3601 1348 3690; baseline 0.006 -26"><span class='ocrx_word' id='word_1_313' title='bbox 174 3601 295 3665; x_wconf 87' lang='lat' dir='ltr'>maiore</span> <span class='ocrx_word' id='word_1_314' title='bbox 318 3601 452 3665; x_wconf 92' lang='lat' dir='ltr'>dicenda</span> <span class='ocrx_word' id='word_1_315' title='bbox 467 3607 548 3666; x_wconf 90' lang='lat' dir='ltr'>sunt.</span> <span class='ocrx_word' id='word_1_316' title='bbox 590 3624 673 3685; x_wconf 91' lang='lat' dir='ltr'>quae</span> <span class='ocrx_word' id='word_1_317' title='bbox 688 3626 773 3668; x_wconf 90' lang='lat' dir='ltr'>nunc</span> <span class='ocrx_word' id='word_1_318' title='bbox 788 3625 854 3668; x_wconf 93' lang='lat' dir='ltr'>non</span> <span class='ocrx_word' id='word_1_319' title='bbox 868 3609 935 3668; x_wconf 86' lang='lat' dir='ltr'>tam</span> <span class='ocrx_word' id='word_1_320' title='bbox 948 3606 1229 3688; x_wconf 89' lang='lat' dir='ltr'>praetermittimus</span> <span class='ocrx_word' id='word_1_321' title='bbox 1252 3629 1348 3690; x_wconf 89' lang='lat' dir='ltr'>quam</span> 
     </span>
     <span class='ocr_line' id='line_1_39' title="bbox 176 3685 1017 3773; baseline 0.008 -25"><span class='ocrx_word' id='word_1_322' title='bbox 176 3685 217 3748; x_wconf 90' lang='lat' dir='ltr'>ad</span> <span class='ocrx_word' id='word_1_323' title='bbox 238 3686 391 3750; x_wconf 88' lang='lat' dir='ltr'>maiorem</span> <span class='ocrx_word' id='word_1_324' title='bbox 413 3687 571 3751; x_wconf 87' lang='lat' dir='ltr'>scribendi</span> <span class='ocrx_word' id='word_1_325' title='bbox 593 3688 792 3773; x_wconf 85' lang='lat' dir='ltr'>diligentiam</span> <span class='ocrx_word' id='word_1_326' title='bbox 813 3712 1017 3755; x_wconf 83' lang='lat' dir='ltr'>reservamus</span> 
     </span>
    </p>
   </div>
   <div class='ocr_carea' id='block_1_3' title="bbox 246 3822 942 3927">
    <p class='ocr_par' dir='ltr' id='par_1_12' title="bbox 246 3822 942 3927">
     <span class='ocr_line' id='line_1_40' title="bbox 246 3822 942 3927; baseline 0.014 -24"><span class='ocrx_word' id='word_1_327' title='bbox 246 3859 261 3902; x_wconf 85' lang='grc'>1</span> <span class='ocrx_word' id='word_1_328' title='bbox 280 3853 368 3904; x_wconf 72' lang='lat' dir='ltr'>aerari</span> <span class='ocrx_word' id='word_1_329' title='bbox 386 3853 402 3904; x_wconf 81' lang='grc'>1</span> <span class='ocrx_word' id='word_1_330' title='bbox 421 3855 464 3920; x_wconf 78' lang='lat' dir='ltr'>an</span> <span class='ocrx_word' id='word_1_331' title='bbox 483 3862 511 3908; x_wconf 86' lang='lat'>31</span> <span class='ocrx_word' id='word_1_332' title='bbox 533 3855 620 3910; x_wconf 74' lang='lat' dir='ltr'>serso</span> <span class='ocrx_word' id='word_1_333' title='bbox 639 3857 743 3921; x_wconf 68' lang='grc'><strong>1111,</strong></span> <span class='ocrx_word' id='word_1_334' title='bbox 764 3822 866 3927; x_wconf 77' lang='lat' dir='ltr'>¹quarto</span> <span class='ocrx_word' id='word_1_335' title='bbox 888 3859 942 3913; x_wconf 79' lang='grc'>61.</span> 
     </span>
    </p>
   </div>
   <div class='ocr_carea' id='block_1_4' title="bbox 0 0 1530 4292">
    <p class='ocr_par' dir='ltr' id='par_1_13' title="bbox 0 0 1530 4292">
     <span class='ocr_line' id='line_1_41' title="bbox 0 0 1530 4292; baseline 0 4"><span class='ocrx_word' id='word_1_336' title='bbox 0 0 1530 4292; x_wconf 95' lang='lat' dir='ltr'> </span> 
     </span>
    </p>
   </div>
  </div>
 </body>
</html>
