3050 4292
68 362 77 380 ὓ
170 279 213 354 4
224 369 231 383 r
263 258 357 390 :1‘
376 235 512 387 ι’·ἷὶἕμ
647 288 866 346 uvuaomus.
894 290 917 345 1.

45 451 55 468 ’
171 436 474 548 'bineliodulfflaiir
488 438 632 528 latrones
658 483 695 526 ac
722 461 931 527 semibarbari
956 462 1165 546 putabantur,
1193 467 1226 529 ct
1251 487 1369 528 annum

192 549 356 632 descripsit
377 549 410 613 in
433 548 542 614 decem
560 568 684 612 menses
706 547 795 632 prius
823 547 890 612 sinc
918 547 1026 632 aliqua
1047 549 1273 632 supputatione
1295 571 1369 614 con-

192 631 299 699 fusum
322 639 354 698 et
375 633 500 698 infinita
512 632 633 698 Romae
655 654 743 697 sacra
766 654 803 696 ao
824 632 944 717 templa
966 633 1137 697 constituit.
1181 634 1292 699 morbo
1316 636 1369 699 de-

16 774 17 800 ,
192 719 292 798 cessit
308 719 576 804 quadragensimo
598 721 631 782 et
651 717 748 782 tertio
770 718 896 801 imperii
918 739 1010 782 anno.

15 817 17 864 I
65 863 66 870 ,
157 818 180 876 4
277 804 361 869 Huic
377 803 527 869 successit
541 802 654 866 Tullus
669 801 834 867 Hostilius.
876 801 929 866 hic
944 803 1029 867 bella
1043 804 1211 887 reparavit,
1225 802 1401 872 Albanoss

190 891 275 970 vicit,
303 890 359 974 qui
386 890 425 954 ab
452 887 540 952 urbe'
553 886 656 953 Roma
683 887 869 952 duodecimo
890 887 1027 952 miliario
1050 893 1134 967 sunt,
1158 887 1310 954 Veientes
1337 894 1369 954 et

187 971 370 1053 Fidenates,
392 996 528 1059 quorum
550 972 605 1037 alii
619 976 708 1037 sexto
727 972 864 1036 miliario
887 972 1003 1037 absunt
1025 972 1066 1038 ab
1087 974 1167 1038 urbe
1181 973 1293 1052 Roma,
1315 975 1370 1039 alii

191 1065 304 1126 octavo
327 1059 457 1134 decimo,
477 1058 562 1123 bello
584 1056 751 1142 superavit
796 1057 909 1121 urbem
930 1057 1095 1142 ampliavit
1116 1058 1240 1123 adiecto
1261 1057 1368 1125 caelio

191 1151 306 1211 monte.
354 1167 426 1209 cum
456 1143 590 1228 triginta
621 1147 653 1207 et
680 1143 758 1207 duos
784 1165 885 1208 annos
913 1147 1092 1228 regnasset,
1122 1143 1255 1210 fulmine
1285 1145 1368 1210 ictus

193 1254 265 1296 cum
288 1232 380 1297 domo
402 1253 460 1294 sua
482 1229 566 1293 arsit.
1380 1251 1411 1298 Io

161 1333 180 1392 5
277 1315 355 1381 Post
380 1315 466 1379 hunc
492 1313 601 1378 Ancus
627 1310 768 1377 Marcius
794 1311 921 1378 Numae
948 1335 988 1377 ex
1013 1313 1079 1377 filia
1105 1335 1204 1398 nepos
1231 1315 1369 1399 suscepit

191 1402 367 1487 imperinm.
411 1403 521 1465 contra
547 1397 678 1462 Latinos
705 1398 880 1477 dimicavit,
905 1397 1101 1462 Aventinum
1126 1403 1268 1469 montem
1295 1401 1370 1465 civi-
1483 1397 1486 1403 ’

192 1487 252 1552 tati
274 1486 390 1551 adiecit
412 1490 444 1550 et
465 1483 649 1562 Ianiculum,
672 1483 757 1568 apud
779 1484 897 1548 ostium
917 1483 1041 1548 Tiberis
1064 1483 1187 1548 Ostiam
1209 1485 1369 1550 civitatem

193 1593 289 1656 supra
319 1593 405 1634 mare
441 1575 531 1634 sexto
563 1568 684 1634 decimo
719 1568 856 1634 miliario
894 1569 934 1632 ab
970 1569 1050 1633 urbe
1081 1569 1185 1635 Roma
1221 1570 1369 1635 condidit.

191 1656 361 1722 vicensimo
384 1659 416 1720 et
437 1659 552 1739 quarto
575 1675 659 1718 anno
680 1654 806 1738 imperii
826 1654 939 1719 morbo
961 1654 1076 1737 periit,
1382 1677 1412 1725 15

161 1761 180 1820 6
278 1741 401 1806 Deinde
428 1763 462 1804 re
509 1763 565 1804 um
586 1739 715 1804 Priscus
735 1738 929 1823 Tarquinius
955 1739 1084 1821 accepit.
1128 1739 1181 1802 hic
1202 1761 1370 1806 numerum

192 1831 375 1892 senatorum
397 1762 581 1910 dupddlavit,
605 1823 723 1888 circum
744 1823 865 1890 Romae
888 1823 1072 1902 aedificavit,
1093 1824 1185 1888 ludos
1207 1823 1369 1890 Romanos

192 1912 342 1988 instituit,
379 1911 435 1994 qui
471 1911 511 1975 ad
542 1913 684 1975 nostram
718 1910 904 1974 memoriam
934 1913 1129 1993 permanent.
1180 1909 1257 1974 vicit
1285 1909 1370 1974 idem

193 1996 290 2062 etiam
318 1995 452 2060 Sabinos
478 2001 510 2060 et
536 2017 601 2060 non
631 2017 744 2079 parum
775 2015 927 2080 agrorum
957 1993 1119 2058 sublatum
1149 1994 1250 2058 isdem
1279 1996 1369 2059 urbis

193 2081 314 2146 Romae
340 2081 501 2146 territorio
527 2081 631 2144 iunxit
656 2081 840 2164 primusque
867 2079 1067 2163 triumphans
1093 2079 1206 2144 urbem
1231 2080 1413 2153 intravitro

193 2189 302 2232 muros
322 2167 399 2232 fecit
421 2172 453 2231 et
471 2166 604 2245 cloacas,
626 2163 820 2250 Capitolium
840 2164 1011 2230 inchoavit.
1054 2165 1236 2230 tricensimo
1259 2170 1370 2230 octavo

192 2253 319 2337 imperii
349 2274 432 2317 anno
459 2274 517 2337 per
543 2251 624 2316 Anci
654 2251 736 2316 filios
764 2250 888 2315 occisus
916 2255 965 2315 est
995 2250 1080 2336 regis
1107 2250 1189 2330 eius,
1220 2251 1273 2315 cui
1302 2251 1369 2336 ipse

194 2343 396 2404 successerat.
601 2350 602 2355 ’

163 2445 182 2504 7
278 2422 357 2486 Post
382 2421 468 2486 hunc
495 2419 623 2486 Servius
650 2420 773 2484 Tullius
798 2419 937 2502 suscepit
966 2419 1148 2502 imperium,
1179 2421 1305 2504 genitus
1332 2443 1370 2484 ex

194 2507 294 2572 nobili
319 2507 451 2584 femina,
482 2505 608 2589 captiva
633 2508 742 2569 tamen
769 2508 802 2568 et
828 2503 951 2568 ancilla.
998 2502 1051 2568 hic
1083 2524 1208 2587 quoque
1235 2503 1370 2570 Sabinos
1380 2529 1413 2578 25

195 2592 333 2676 subegit,
363 2594 486 2654 montes
517 2595 582 2654 tres
614 2587 809 2666 Quirinalem
839 2587 1034 2653 Viminalem
1063 2589 1268 2672 Esquilinum
1296 2589 1370 2655 urbi

195 2677 349 2754 adiunxit,
374 2675 478 2741 fossas
501 2677 619 2740 circum
639 2697 768 2738 murum
790 2675 887 2739 duxit.
930 2673 1052 2758 primus
1079 2675 1221 2740 omnium
1243 2698 1370 2740 censum

195 2761 362 2840 ordinauit,
390 2761 445 2844 qui
466 2759 569 2825 adhuc
590 2782 647 2844 per
669 2759 779 2823 orbem
800 2764 959 2823 terrarum
971 2758 1166 2845 'incognitus
1192 2764 1267 2826 erat.
1311 2762 1370 2826 sub

195 2870 233 2912 eo
247 2846 350 2912 Roma
372 2845 519 2910 omnibus
541 2847 575 2910 in
590 2867 719 2910 censum
734 2843 848 2910 delatis
868 2843 983 2908 habuit
1004 2847 1109 2930 capita
1123 2859 1262 2915 LXXXIII
1283 2847 1370 2912 milia

196 2933 311 2998 civium
338 2931 556 2997 Romanorum
580 2929 744 3009 cumbis,
771 2930 828 3014 qui
854 2930 888 2994 in
914 2952 933 2994 a
975 2929 1000 2993 's
1028 2935 1126 2996 erant.
1176 2933 1296 2997 occisus
1323 2936 1371 2996 est
1380 2955 1414 3002 ao

196 3018 311 3082 scelere
342 3017 453 3102 generi
480 3017 529 3081 sui
555 3015 709 3100 Tarquini
736 3015 885 3100 Superbi,
915 2951 983 3078 fill
1000 3017 1068 3081 eius
1093 3017 1193 3102 regis,
1222 3018 1274 3082 cui
1302 3017 1371 3101 ipse

142 3116 144 3124 ’
196 3105 396 3181 successerat,
419 3106 451 3166 et
472 3101 564 3181 filiae,
587 3124 683 3185 quam
704 3101 896 3186 Tarquinius
917 3099 1057 3166 habebat
1078 3124 1218 3167 uxorem.

167 3213 185 3272 g
281 3187 315 3252 L.
346 3187 538 3272 Tarquinius
574 3185 736 3270 Superbus
772 3187 925 3271 septimus
962 3189 1059 3270 atque
1089 3187 1221 3251 ultimus
1258 3209 1371 3274 regum

195 3272 340 3352 Volscos,
363 3294 444 3356 quae
468 3293 548 3357 gens
569 3271 609 3336 ad
624 3271 831 3356 Campaniam
852 3270 1002 3347 euntibus
1024 3293 1090 3336 non
1110 3271 1207 3356 longe
1229 3272 1270 3336 ab
1292 3272 1370 3337 urbe

196 3363 252 3436 est,
273 3357 361 3437 vicit,
384 3356 502 3422 Gabios
525 3357 685 3422 civitatem
708 3362 740 3421 et
761 3355 912 3422 Suessam
932 3355 1111 3420 Pometiam
1132 3357 1272 3441 subegit,
1299 3366 1415 3423 cum35

195 3442 306 3507 Tuscis
336 3465 449 3526 pacem
478 3443 555 3507 fecit
590 3446 622 3507 et
652 3442 808 3526 templum
838 3441 906 3506 Iovi
935 3440 970 3503 in
1000 3441 1156 3524 Capitolio
1187 3442 1371 3508 aedificavit.
1468 3482 1478 3569 ’,ἢ

266 3633 296 3680 13
316 3625 392 3694 apud
410 3625 534 3681 hostiam
554 3626 745 3692 civitatem-03
763 3629 921 3699 πολίχνην.
934 3667 941 3680 .
954 3668 961 3682 .
973 3623 1046 3701 πρὸς
1064 3633 1127 3692 ταῖς
1144 3626 1197 3682 τοῦ
1211 3625 1371 3702 Θύμβριδος

197 3709 331 3784 ἐκβολαῖς
357 3712 392 3775 Ρ;
421 3710 498 3780 apud
525 3710 628 3767 ostium
655 3711 755 3767 tiberis
783 3712 887 3766 ostiam
915 3711 1060 3768 civitatem
1083 3712 1137 3765 hd
1159 3721 1194 3781 cs.
1225 3710 1251 3764 h'
1275 3730 1303 3781 p.
1322 3716 1372 3774 43;
1477 3740 1481 3749 ·

199 3797 382 3850 Gardthausen
406 3795 496 3849 Flecte.
521 3797 613 3850 Jahrb.
636 3799 691 3850 107
710 3813 739 3866 p.
761 3798 829 3860 264,
854 3798 948 3850 Keller
973 3799 1084 3865 Gottiup.
1105 3799 1156 3865 pel.
1178 3799 1247 3855 Arte.
1267 3800 1376 3852 18741

195 3897 222 3948 p.
241 3883 300 3946 149,
318 3885 334 3936 δ
343 3898 370 3949 p.
389 3885 431 3946 17,
450 3899 472 3934 ru
480 3899 510 3950 p.
529 3885 591 3946 383,
611 3884 674 3944 386,
693 3885 749 3936 402
770 3885 780 3952 [1
803 3891 836 3938 34
853 3883 966 3938 volscos
984 3900 1090 3952 semper
1108 3885 1154 3953 (ef.
1172 3887 1196 3947 1,
1215 3885 1261 3948 143
1284 3886 1314 3948 1,
1337 3886 1371 3937 15
1484 3878 1486 3889 ⁵

197 3965 272 4033 (bis);
289 3969 313 4030 1,
331 3968 376 4029 19,
394 3967 421 4031 2,
440 3970 466 4038 1)
485 3969 650 4021 scribendum
668 3973 716 4033 cst,
734 3969 846 4024 volscos
864 3969 881 4021 Ιι
899 3971 920 4023 d¹
934 3973 970 4040 cs.
988 3967 1013 4021 t'
1026 3987 1056 4038 p.
1071 3972 1114 4025 57.
