3050 4292
203 195 244 254 lt
644 188 858 244 EVTROPIVS.
885 188 944 241 VII.

168 363 305 428 sexsilii
328 385 471 446 poenam.
516 363 575 426 sub
605 360 666 427 hoc
696 360 815 426 Iudaea
845 362 989 425 Romano
1021 361 1153 424 accessit
1183 362 1316 444 imperio
1348 369 1380 427 et

168 463 184 507 4
202 448 438 530 Hierosolyma,
466 469 547 530 quae
569 447 630 511 fuit
651 448 728 511 urbs
750 447 947 512 nobilissima
970 446 1176 510 Palaestinae.
1223 447 1378 511 Achaiam

202 534 332 616 Lyciam
353 533 503 597 Rhodum
524 532 714 615 Byzantium
737 531 876 610 Samum,
899 553 980 615 quae
1003 531 1121 596 liberae
1145 537 1220 595 ante
1243 533 1276 595 id
1297 537 1378 596 tem-

204 641 262 702 pus
292 619 432 694 firerant,
462 619 540 682 item
566 617 735 682 Thraciam
762 618 902 682 Ciliciam
931 615 1178 703 Commagenen,
1209 639 1291 703 quae
1319 620 1378 682 sub

202 704 333 788 regibus
356 704 464 767 amicis
488 708 628 789 egerant,
650 705 682 767 in
704 705 939 788 provinciarum
961 703 1096 766 formam
1116 703 1249 787 redegit.
1398 725 1413 771 5

160 793 201 850 20
289 789 490 853 Offensarum
514 793 546 853 et
560 789 799 854 inimicitiarum
820 788 988 853 immemor
1009 789 1079 865 fuit,
1102 789 1242 852 convicia
1264 811 1283 851 a
1306 810 1379 852 cau-

204 874 308 938 sidicis
335 879 368 939 et
394 875 592 958 philosophis
620 876 654 948 in
680 897 714 939 se
742 875 826 938 dicta
851 874 964 938 leviter
990 875 1078 948 tulit,
1109 874 1245 957 diligens
1271 879 1379 938 tamen

204 961 358 1024 coercitor
384 959 568 1043 disciplinae
593 961 748 1024 militaris.
792 959 845 1023 hic
872 980 945 1022 cum
971 959 1038 1022 filio
1064 959 1136 1022 Tito
1165 960 1202 1022 de
1230 959 1379 1023 Hieroso·

170 1045 296 1128 alymis
318 1045 535 1128 triumphavit.
579 1067 637 1129 per
659 1047 738 1109 haec
760 1067 833 1108 cum
862 1045 985 1108 senatui
1008 1049 1040 1108 et
1061 1045 1194 1127 popu10,
1219 1050 1379 1127 postremo

204 1131 325 1194 cunctis
349 1131 494 1195 amabilis
522 1153 559 1194 ac
581 1131 736 1194 iucundus
759 1135 856 1208 esset,
882 1129 1037 1211 profluvio
1059 1130 1178 1193 ventris
1205 1130 1379 1193 exstinctus
1391 1151 1422 1196 ιο

203 1220 252 1278 est
273 1217 307 1279 in
334 1215 409 1279 villa
430 1216 558 1298 propria
586 1216 670 1280 circa
692 1213 826 1280 Sabinos
853 1237 973 1278 annum
999 1236 1098 1299 agens
1125 1215 1380 1298 sexagensimum

203 1321 336 1378 nonum,
366 1300 491 1383 imperii
520 1323 640 1364 nonum
672 1305 703 1365 et
734 1301 818 1364 diem
849 1301 1020 1382 septimum
1051 1304 1148 1383 atque
1178 1300 1261 1363 inter
1292 1301 1380 1364 divos

170 1385 324 1448 arelatus
352 1389 408 1449 est.
457 1385 638 1470 genituram
663 1386 801 1450 filiorum
831 1386 877 1449 ita
904 1385 1066 1470 cognitam
1092 1385 1217 1462 habuit,
1244 1390 1281 1448 ut
1307 1407 1381 1449 cum

203 1469 323 1534 multae
347 1474 456 1534 contra
479 1493 551 1534 eum
567 1471 800 1535 coniurationes
821 1471 943 1547 fierent,
966 1493 1046 1554 quas
1060 1471 1235 1553 patefactas
1257 1471 1380 1555 ingenti

204 1554 455 1619 dissimulatione
493 1557 696 1639 contempsit,
732 1557 765 1620 in
802 1560 914 1620 senatu
951 1556 1078 1634 dixerit,
1115 1561 1171 1619 aut
1200 1554 1283 1618 filios
1320 1555 1423 1622 sibile

204 1662 405 1704 successuros
428 1646 484 1705 aut
505 1642 671 1705 neminem.

160 1731 195 1787 21
288 1725 372 1790 Huic
404 1725 495 1790 Titus
524 1726 609 1790 filius
641 1727 806 1804 successit,
836 1727 892 1809 qui
923 1731 955 1790 et
985 1726 1053 1808 ipse
1084 1725 1299 1807 Vespasianus
1331 1729 1380 1788 est

204 1811 317 1887 dictae,
339 1811 388 1874 vir
410 1813 552 1875 omnium
574 1811 729 1875 virtutum
751 1833 869 1896 genere
890 1811 1044 1875 mirabilis
1067 1811 1155 1888 adeo,
1177 1813 1214 1873 ut
1235 1830 1325 1872 amor
1347 1815 1380 1873 et

204 1895 335 1961 deliciae
358 1895 489 1961 humani
504 1897 628 1980 generis
649 1897 818 1983 diceretur,
837 1896 1090 1975 facundissimus,
1112 1894 1380 1971 bellicosissimus,

202 1981 486 2046 moderatissimus.
540 2003 652 2046 causas
683 1980 795 2046 Latine
832 1983 916 2068 egit,
951 1986 1100 2066 poemata
1136 1987 1168 2045 et
1197 1980 1380 2064 tragoedias
1390 1999 1423 2047 ac

170 2081 184 2128 2
204 2067 322 2132 Graece
345 2067 531 2150 composuit.
575 2068 607 2131 in
630 2068 869 2152 oppugnatione
891 2067 1188 2150 Hierosolymorum
1210 2065 1269 2128 sub
1290 2070 1381 2148 patre

204 2151 345 2217 militans
368 2153 535 2217 duodecim
556 2158 812 2237 propugnatores
839 2153 1005 2217 duodecim
1032 2153 1222 2237 sagittarum
1250 2150 1380 2214 confixit

203 2238 328 2302 ictibus.
371 2238 493 2302 Romae
524 2243 632 2302 tantae
665 2239 826 2302 civilitatis
857 2239 890 2302 in
920 2239 1053 2322 imperio
1084 2237 1160 2316 fuit,
1190 2241 1226 2300 ut
1256 2236 1380 2299 nullum

205 2324 334 2386 omnino
356 2324 496 2406 puniret,
519 2324 680 2388 convictos
704 2324 870 2388 adversum
893 2346 962 2389 sese
985 2322 1212 2387 coniurationis
1235 2326 1267 2385 et
1290 2321 1381 2384 dimi·

170 2421 185 2468 3
205 2408 282 2471 serit
304 2411 336 2470 et
357 2409 390 2472 iu
414 2409 523 2473 eadem
538 2409 754 2474 familiaritate
771 2431 836 2492 qua
858 2414 951 2473 antea
972 2408 1128 2472 habuerit.
1171 2407 1333 2471 facilitatis
1349 2409 1423 2472 etas

203 2491 405 2557 liberalitatis
427 2497 535 2559 tantae
563 2495 637 2572 fuit,
663 2499 701 2558 ut
723 2517 795 2558 cnm
817 2494 897 2558 nulli
923 2494 1094 2576 quicquam
1119 2496 1253 2578 negaret
1279 2496 1312 2556 et
1338 2491 1379 2555 ab

204 2577 311 2640 amicis
342 2577 638 2661 reprehenderetur,
668 2580 866 2662 responderit
895 2579 1019 2642 nullum
1045 2579 1170 2643 tristem
1196 2578 1311 2642 debere
1339 2576 1378 2640 ab

204 2661 393 2744 imperatore
417 2663 587 2743 discedere,
609 2669 774 2748 praeterea
796 2687 869 2730 cum
889 2665 1027 2748 quadam
1050 2665 1100 2728 die
1122 2665 1155 2727 in
1177 2686 1255 2728 cena
1276 2683 1379 2725 recor·

204 2745 297 2812 datus
319 2747 431 2812 fnisset
452 2748 532 2812 nihil
548 2771 581 2812 se
603 2749 659 2813 illo
675 2750 726 2814 die
741 2751 890 2833 cuiquam
907 2750 1108 2832 praestitisse,
1130 2749 1255 2814 dixerit:
1278 2747 1379 2822 amici,

168 2831 298 2897 rhodie
325 2834 409 2898 diem
435 2834 566 2916 perdidi
609 2834 662 2898 hic
688 2835 810 2899 Romae
841 2835 1111 2918 amphitheatrum
1141 2833 1316 2899 aedificavit
1346 2835 1378 2893 et
1389 2859 1423 2906 30

161 2918 344 3002 arquinque
369 2918 458 2982 milia
483 2920 623 2984 ferarum
653 2921 686 2984 in
717 2921 913 2984 dedicatione
941 2921 1008 2984 eius
1039 2921 1160 2984 occidit.
1209 2918 1271 2982 Per
1299 2916 1378 2978 haec

202 3003 354 3068 inusitato
381 3003 489 3068 favore
521 3004 657 3069 dilectus
683 3005 795 3070 morbo
820 3006 915 3089 periit
940 3006 974 3068 in
1001 3028 1051 3083 ea,
1082 3028 1145 3088 qua
1170 3009 1274 3088 pater,
1302 3000 1379 3064 villa

202 3094 276 3172 post
296 3089 472 3168 biennium,
493 3112 620 3154 menses
642 3095 729 3168 octe,
752 3091 819 3155 dies
840 3091 967 3177 viginti,
994 3113 1092 3174 quam
1113 3091 1285 3173 imperator
1311 3091 1380 3150 erat

169 3173 319 3253 stactus,
342 3175 457 3239 aetatis
480 3196 562 3239 anno
585 3175 685 3240 altero
709 3180 742 3240 et
763 3177 1039 3261 quadragensimo.
1081 3180 1190 3238 tantus
1211 3173 1318 3239 luctus
1341 3193 1379 3235 eo

202 3264 328 3324 mortuo
350 3260 497 3344 publicus
524 3260 599 3339 fuit,
624 3265 663 3326 ut
684 3282 794 3325 omnes
816 3266 981 3344 tamquam
1006 3261 1040 3323 in
1065 3259 1194 3342 propria
1221 3259 1380 3324 doluerint
1389 3285 1422 3332 35

203 3344 348 3410 orbitate.
397 3350 527 3410 senatus
555 3346 645 3411 obitu
676 3346 777 3430 ipsius
805 3347 888 3411 circa
919 3367 1086 3430 vesperam
1111 3345 1259 3409 nuntiato
1285 3349 1379 3410 nocte

202 3427 323 3513 inrupit
347 3430 381 3493 in
409 3430 528 3494 curiam
555 3437 587 3495 et
614 3435 721 3496 tantas
748 3431 777 3495 ei
804 3436 930 3495 mortuo
956 3430 1068 3495 laudes
1095 3429 1278 3516 gratiasque
1305 3451 1379 3494 con·

271 3621 286 3667 2
308 3629 380 3681 quae
399 3613 454 3669 fuit
477 3616 544 3670 urbs
563 3615 744 3671 nobilissima
761 3615 943 3684 palaestinae
967 3618 1018 3669 del.
1036 3620 1053 3671 δ
1068 3634 1093 3683 p.
1112 3603 1147 3668 19
1167 3617 1178 3683 l
1200 3623 1215 3669 6
1233 3618 1265 3670 et
1285 3631 1334 3668 om.
1352 3618 1379 3683 d,

203 3703 231 3749 ot
249 3700 283 3765 ef.
302 3715 324 3750 rc
341 3700 641 3770 Pt510109.39p.179‚
661 3701 733 3755 Suet.
756 3702 832 3770 Vesp.
851 3705 885 3753 14
905 3704 915 3769 l
937 3709 960 3756 91
972 3705 1001 3756 et
1019 3705 1042 3753 ,l
1061 3703 1087 3754 P
1101 3703 1120 3754 d
1135 3704 1172 3770 cs.
1191 3719 1212 3752 a·
1229 3719 1254 3769 p.
1273 3704 1332 3764 515,
1350 3703 1380 3753 et

203 3798 250 3834 om.
268 3783 285 3834 t
306 3784 316 3850 11
337 3790 370 3837 28
389 3781 494 3838 ictibus
513 3785 629 3840 confixit
650 3788 700 3838 Ch
722 3789 732 3855 ΙΙ
754 3795 787 3841 24
806 3789 915 3841 etanta
934 3784 1075 3840 dimiserit
1094 3787 1187 3850 Fra
1204 3791 1238 3856 cs:
1260 3784 1379 3839 Ludcclce

201 3884 228 3934 p.
247 3869 310 3932 875,
328 3883 393 3934 rep.
412 3870 476 3933 5153
495 3872 525 3924 et
543 3886 591 3925 om.
609 3872 625 3923 Ιι
647 3873 657 3939 ΙΙ
679 3879 711 3927 25
730 3873 817 3943 etin]
837 3873 878 3927 vel
899 3871 927 3926 in
945 3873 973 3923 ΙΙ·
990 3891 1017 3940 p.
1036 3876 1079 3925 49,
