3050 4292
199 221 238 286 52
624 215 838 272 cursorius.
863 217 941 280 ⁸run.
1020 268 1026 275 ,

197 415 255 477 per
268 391 396 456 Italiam
409 390 652 474 provinciasque
667 389 806 455 maxima
820 390 985 455 hominnm
999 412 1082 475 pars,
1103 389 1241 454 militnm
1262 410 1372 452 omnes

198 478 264 542 fere
287 477 396 561 copiae
418 477 571 560 languore
595 476 775 541 defecerint.

138 573 200 632 tlt
284 561 413 660 Ingenti
434 583 511 647 ergo
534 560 642 626 labore
665 567 697 626 et
719 563 947 640 moderatione,
975 584 1048 627 curn
1069 561 1156 644 apud
1177 558 1375 625 Carnuntum

198 648 268 734 iugi
302 648 438 712 tnennio
474 652 721 730 perseverasset,
758 647 879 712 bellum
907 646 1199 717 Marcomannicum
1229 645 1374 721 confecit,

200 734 286 818 quod
323 755 395 797 cum
430 732 480 796 his
511 731 614 808 Quadi
645 728 783 797 Vandali
812 731 976 798 Sarmatae
1007 731 1104 797 Suebi
1138 736 1236 816 atque
1273 731 1409 794 omnis5

200 817 349 882 barbaria
371 817 597 896 commoverat,
618 817 721 882 multa
742 817 909 883 hominum
929 818 1018 882 milia
1039 816 1210 895 interfecit,
1232 838 1270 881 ac
1290 815 1374 880 Pan·

199 904 303 968 noniis
325 903 452 968 servitio
474 902 617 967 liberatis
639 903 760 968 Rornae
787 926 897 968 rursus
923 926 996 968 oum
1017 901 1190 968 Commodo
1211 900 1374 966 Antonino

53 1065 58 1071 ¹
175 988 266 1054 afiho
295 1010 365 1067 suo,
393 1011 488 1074 quem
514 988 579 1052 iam
605 987 773 1054 Caesarem
798 989 930 1068 fecerat,
955 988 1171 1072 triumphavit.
1214 987 1257 1050 ad
1281 987 1375 1050 huius

199 1073 279 1138 belli
300 1079 462 1157 sumptum
484 1095 564 1137 curn¹
579 1074 700 1138 aerario
723 1073 878 1139 exhausto
903 1073 1090 1172 largitiones
1116 1072 1221 1137 nullas
1242 1070 1376 1136 haberet

200 1181 303 1243 neque
324 1159 463 1223 indicere
489 1158 736 1242 prouincialibus
763 1164 820 1224 aut
845 1164 970 1224 senatm
991 1159 1112 1244 aliquid
1133 1159 1237 1235 vellet,
1259 1158 1418 1221 instra-10

201 1248 345 1308 mentum
367 1244 446 1328 regii
469 1243 574 1308 cultus
596 1243 682 1310 facta
703 1245 738 1308 in
751 1245 822 1309 foro
839 1245 902 1310 divi
916 1245 1045 1309 Traiani
1066 1243 1204 1308 sectione
1220 1241 1376 1319 distraxit,

200 1351 275 1392 vasa
302 1351 410 1408 aurea,
440 1328 555 1413 pocula
586 1329 769 1414 crystallina
799 1335 832 1394 et
857 1331 1011 1409 murrina,
1042 1329 1188 1393 uxoriam
1218 1350 1254 1392 ac
1285 1349 1377 1392 suam

202 1415 336 1478 sericam
362 1419 394 1479 et
425 1436 555 1478 auream
580 1420 713 1494 vestem,
743 1415 846 1481 multa
872 1420 1059 1480 ornamenta
1084 1435 1291 1498 gemmarum.
1340 1433 1376 1476 ac

199 1521 257 1582 per
284 1499 362 1564 duos
389 1499 567 1564 continuos
580 1521 703 1565 menses
731 1523 769 1565 ea
798 1500 938 1575 venditio
963 1500 1074 1566 habita
1100 1504 1150 1564 est
1172 1498 1376 1587 multumque

201 1584 270 1681 auri
298 1585 469 1650 redactum.
512 1590 585 1669 post
610 1586 776 1650 victoriam
801 1591 909 1650 tamen
936 1585 1132 1650 emtoribus
1179 1585 1262 1650 retia
1287 1584 1376 1680 resti:
1389 1593 1418 1641 15

200 1674 277 1747 turt,
299 1669 355 1753 qui
376 1671 506 1734 reddere
528 1675 710 1754 comparata
731 1672 913 1750 voluerunt3
940 1608 1093 1736 molestus
1114 1608 1195 1735 nuhi
1219 1669 1295 1750 fuit,
1322 1682 1384 1753 qur'

201 1753 314 1818 maluit
336 1754 433 1819 semel
454 1760 561 1840 empta
582 1756 727 1821 retinere.

166 1847 201 1898 14
287 1837 350 1903 Hic
371 1841 514 1924 permisit
535 1841 610 1904 viris
633 1840 828 1921 clarioribus,
849 1847 887 1907 ut
909 1841 1054 1907 convivia
1069 1841 1181 1906 eodem
1203 1841 1292 1907 cultu
1313 1862 1377 1926 quo

200 1925 267 2008 ipse
300 1929 332 1989 et
361 1925 513 1989 ministris
544 1925 700 1991 similibus
732 1927 925 1992 exhiberent.
977 1927 1012 1990 in
1043 1926 1180 1991 editione
1209 1947 1378 1992 munerum

179 2010 485 2160 apidibljcloridmd
501 2011 579 2161 apldlpo
607 2012 1124 2163 magnffiiucffffiiitsscfflffimm
1150 2011 1249 2161 Simili
1270 2011 1420 2159 leonep‘ro

204 2118 382 2160 eursse
427 2119 504 2160 raa
560 2147 566 2160 .
615 2118 728 2161 cum1
857 2120 972 2162 oa
1065 2119 1134 2162 rem
1181 2121 1201 2161 u
1249 2117 1362 2161 came

201 2181 319 2246 virtute
347 2185 379 2245 et
404 2181 647 2246 mansuetudine
674 2119 875 2262 redffidisset,
906 2183 986 2248 obiit
1011 2187 1110 2241 XVIII.
1134 2120 1259 2266 iriiperii
1285 2201 1377 2255 anno,

202 2266 286 2344 vitae
313 2273 400 2343 LXI,
428 2271 460 2332 et
487 2267 632 2332 omnibus
659 2270 805 2333 certatim
831 2267 1046 2333 adnitentibus
1071 2267 1156 2330 inter
1182 2266 1269 2330 diros
1294 2264 1376 2327 rela-

202 2355 253 2414 tus
276 2356 331 2416 est.

167 2445 203 2499 15
287 2435 391 2500 Huius
423 2459 583 2502 successor
608 2436 642 2502 L.
669 2437 850 2502 Antoninus
876 2435 1067 2501 Commodus
1096 2434 1178 2501 nihil
1206 2439 1377 2518 paternum
1387 2449 1420 2498 25

201 2520 328 2600 habuit,
361 2521 421 2586 nisi
448 2521 534 2604 quod
564 2527 674 2588 contra
700 2522 872 2588 Germanos
897 2521 1033 2586 feliciter
1059 2523 1092 2584 et
1120 2520 1189 2604 ipse
1215 2519 1378 2606 pugnavit

202 2605 426 2691 Septembrem
455 2629 596 2672 mensem
627 2608 667 2672 ad
692 2629 807 2671 nomen
832 2629 927 2671 suum
955 2605 1128 2671 transferre
1160 2611 1293 2671 conatus
1324 2611 1379 2683 est,

202 2695 239 2756 ut
261 2690 452 2757 Commodus
480 2692 643 2758 diceretur.
687 2693 743 2757 sed
763 2691 891 2757 luxuria
917 2696 949 2757 et
971 2692 1167 2758 obscenitate
1190 2693 1379 2776 depravatus

225 2777 405 2843 ladiatoriis'
422 2778 518 2842 armis
540 2778 723 2862 saepissime
744 2777 779 2842 in
800 2777 890 2858 ludo,
913 2778 1060 2878 deinceps
1083 2778 1181 2842 etiam
1201 2779 1236 2842 in
1258 2778 1379 2861 amphi-

202 2798 328 2927 theatro
351 2885 424 2927 cum
445 2863 626 2928 huiusmodi
640 2863 823 2928 hominibus
845 2886 940 2948 saepe
962 2863 1132 2930 dimicavit.
1175 2863 1254 2929 obiit
1276 2867 1377 2927 morte
1388 2879 1424 2926 so

204 2947 309 3012 subita
336 2952 432 3033 atque
459 2949 552 3028 adeo,
578 2953 615 3013 nt
640 2949 859 3034 strangulatus
881 2949 934 3014 vel
959 2971 1083 3015 veneno
1109 2948 1294 3014 interfectus
1319 2969 1378 3030 pu·

202 3037 301 3112 tetur,
324 3055 397 3097 curn
420 3034 510 3098 annis
532 3040 586 3094 XII
607 3039 680 3118 post
706 3040 832 3118 patrem
854 3040 886 3100 et
909 3041 975 3094 VIII
997 3034 1159 3100 mensibus
1184 3034 1378 3116 imperasset,

202 3123 293 3184 tanta
316 3119 531 3183 exsecratione
547 3119 696 3199 omnium,
718 3125 755 3184 ut
776 3120 877 3185 hostis
891 3121 1016 3205 generis
1030 3119 1161 3184 humani
1184 3117 1281 3182 etiam
1294 3139 1379 3183 mor·

203 3208 277 3269 tuus
299 3205 499 3271 iudicaretur.

170 3301 206 3356 16
289 3289 376 3354 Huic
397 3290 548 3356 successit
569 3290 720 3355 Pertinax
746 3291 946 3376 grandaevus
970 3294 1002 3354 et
1028 3289 1083 3372 qui
1104 3289 1424 3372 septuagenariamaa

205 3374 363 3458 attigisset
394 3379 544 3455 aetatem,
575 3376 809 3460 praefecturam
839 3375 912 3440 urbi
941 3378 1011 3439 tum
1041 3395 1152 3458 agens,
1182 3395 1222 3437 ex
1253 3379 1381 3440 senatus

275 3653 288 3698 7
308 3661 404 3701 romae
426 3665 521 3700 rursus
547 3649 682 3716 cbdcfi
700 3650 728 3702 d'
744 3667 771 3717 p.
790 3649 840 3710 86,
865 3648 915 3700 Iul.
936 3647 1020 3714 Cupit.
1045 3647 1089 3700 uit.
1107 3648 1170 3700 Ant.
1188 3646 1255 3699 Phil.
1278 3648 1325 3709 17,
1349 3646 1378 3710 3,

205 3745 314 3782 romam
335 3747 464 3786 reversus
484 3733 603 3785 Eussner
620 3735 744 3802 Philolop.
764 3737 832 3790 Aac.
851 3736 869 3787 4
889 3750 915 3802 p.
933 3735 989 3787 252
1006 3734 1016 3802 ss
1034 3739 1066 3788 80
1090 3747 1173 3802 saepe
1191 3747 1239 3785 om.
1260 3730 1380 3794 Clusae

208 3813 229 3866 G
248 3816 282 3881 cf.
305 3815 380 3868 Oros.
398 3819 423 3879 7,
442 3818 483 3879 16,
501 3818 532 3880 23
551 3818 608 3872 Aee.
629 3819 758 3886 Lamprid.
778 3822 822 3874 vit.
843 3819 1180 3894 Com.Ant512,12n35
1205 3815 1381 3889 grandaevus

206 3898 239 3948 ut
256 3897 285 3955 lc
303 3899 480 3965 grandaevus
499 3899 556 3954 iam
574 3905 590 3956 δ
606 3919 631 3968 p.
650 3905 693 3956 18.
985 3904 990 3911 ’
1038 3940 1040 3943 -
