3050 4292
606 182 825 239 HVTROPIVS.
843 183 879 237 11.
1299 184 1340 248 13

163 357 260 424 Afros
289 357 413 424 bellum
442 361 625 441 susceptum
655 361 703 422 est
732 358 872 441 primum
900 354 961 441 Ap.
988 353 1197 442 Claudioffl.
1226 353 1340 420 Fulvio

164 443 353 508 oonsulibus.
390 443 423 507 in
445 441 553 507 Sicilia
575 446 685 507 contra
707 463 762 506 eos
782 446 963 541 pugnaturn
984 445 1032 506 est
1053 445 1086 505 et
1107 439 1168 525 Ap.
1191 439 1341 506 Claudius

165 529 204 594 de
225 527 312 594 Afris
335 533 367 593 et
388 549 465 612 rege
487 525 613 592 Siciliae
635 525 776 591 Hierone
796 532 894 592 tuum
916 525 1012 591 havit.

249 612 434 697 Insequenti
456 634 539 677 anno
553 608 683 676 Valerio
698 610 808 676 Marco
831 617 863 677 et
956 612 1012 676 ilio
1028 610 1140 676 Crasso
1156 611 1339 676 oonsulibus
1347 621 1383 681 19

128 699 197 764 ain
218 697 327 764 Sicilia
349 721 368 763 a
389 696 542 761 Romanis
570 719 621 762 res
649 718 786 782 magnae
816 701 926 782 gestae
955 701 1037 762 sunt.
1080 695 1342 762 Tauromenitani

164 783 348 850 Catinenses
371 787 403 846 et
423 785 587 866 praeterea
609 781 844 882 quinquaginta
872 781 1014 847 ciuitates
1043 782 1076 845 in
1104 781 1201 846 fidem
1229 804 1338 866 accep·

163 873 226 936 tae.
249 868 343 933 tertio
374 889 455 955 anno
484 867 517 932 in
546 866 667 934 Sicilia
684 873 796 932 contra
815 866 992 931 Hieronem
1019 888 1130 952 regem
1159 865 1372 932 Siculoruma

163 954 286 1019 bellum
315 957 463 1037 paratum
494 957 550 1018 est.
592 953 621 1018 is
649 974 722 1017 cum
753 953 841 1018 omni
871 951 1038 1016 nobilitate
1068 950 1340 1035 Syracusanorum

126 1057 127 1060 ’
164 1061 278 1122 paoem
299 1061 318 1103 a
340 1038 491 1103 Romanis
512 1039 694 1122 impetravit
723 1038 795 1102 dedi
831 1060 872 1103 ue
895 1036 1021 1122 argenti
1043 1036 1179 1101 ducenta
1210 1037 1374 1102 talentat

122 1123 237 1273 lohlrlcrn'
265 1123 299 1188 in
329 1123 436 1189 Sicilia
464 1124 540 1190 victi
569 1127 656 1203 sunt,
687 1128 719 1189 et
749 1125 788 1188 de
844 1123 851 1137 '
900 1122 1040 1188 secundo
1071 1121 1193 1186 Romae
1230 1122 1341 1186 trium·

164 1233 185 1294 p
210 1213 299 1274 atum
321 1214 377 1274 est.

250 1293 368 1372 Quinto
391 1316 473 1359 anno
495 1294 589 1379 primi
611 1293 698 1372 belli,
743 1295 807 1360 uod
829 1298 939 1358 contra
960 1292 1057 1358 Afros
1079 1293 1259 1380 gerebatur,
1278 1292 1385 1392 pri-20

164 1403 254 1445 mum
283 1379 421 1445 Romani
447 1377 480 1444 C.
505 1378 627 1444 Duillio
659 1383 690 1444 et
712 1317 767 1444 dn
793 1377 941 1444 Cornelio
966 1377 1068 1444 Asina
1097 1377 1281 1443 consulibus
1309 1400 1344 1442 m

164 1465 247 1531 mari
267 1465 495 1530 dimicavenrnt
502 1464 624 1549 paratis
634 1464 768 1529 naribus
782 1465 938 1542 nostratia,
953 1486 1033 1548 quas
1047 1463 1205 1529 Liburnae
1218 1468 1343 1529 vocant.

124 1557 157 1607 15
167 1551 278 1616 consul
300 1549 465 1616 Cornelius
486 1549 597 1615 fraude
619 1550 769 1635 deceptus
785 1554 842 1616 est
868 1549 1010 1615 Duillius
1032 1549 1198 1614 commisso
1221 1549 1377 1634 proelior

168 1635 480 1721 Carthaginiensium
503 1637 614 1701 ducem
636 1635 725 1715 vicit,
754 1636 890 1734 triginta
920 1640 953 1700 et
979 1657 1077 1700 unam
1106 1657 1222 1700 navem
1250 1635 1344 1719 cepit,

166 1721 419 1805 quattuordecim
440 1721 563 1801 mersit,
594 1725 717 1806 septem
745 1721 834 1786 miha
863 1721 1006 1786 hostium
1035 1720 1132 1804 cepit,
1162 1720 1225 1784 tria
1254 1720 1344 1784 milia

166 1806 288 1871 occidit.
331 1828 434 1890 neque
456 1807 523 1870 ulla
545 1807 680 1872 victoria
701 1805 855 1872 Romanis
876 1807 999 1892 gratior
1019 1806 1095 1884 fuit,
1125 1806 1213 1890 qnod
1233 1805 1344 1869 invicti

122 1897 156 1946 2⁰
165 1894 251 1956 terra
271 1892 336 1955 iam
358 1892 455 1956 etiam
475 1891 556 1956 mari
581 1891 754 1975 plurimum
779 1895 919 1977 possent
963 1890 995 1955 C.
1016 1889 1148 1975 Aquilio
1169 1889 1281 1969 Floro,
1308 1889 1378 1954 La

167 1974 313 2058 Scipione
336 1975 517 2039 consulibus
533 1974 638 2060 Scipio
647 1975 815 2040 ,Corsicam
829 1980 862 2040 et
875 1975 1053 2040 Sardiniam
1073 1976 1221 2053 vastavit,
1241 1975 1344 2040 multa

167 2058 255 2122 milia
285 2059 358 2122 inde
390 2061 586 2142 captivorum
617 2060 760 2137 adduxit,
791 2061 990 2144 triumphum
1011 2060 1086 2144 egit.

251 2140 285 2208 h.
306 2141 426 2208 Manlio
448 2140 599 2222 Vulsone,
619 2144 663 2208 M.
684 2142 785 2208 Atilio
807 2144 933 2230 Regulo
959 2143 1141 2208 consulibus
1166 2142 1287 2208 bellum
1306 2143 1385 2208 in21

164 2227 308 2293 Africam
338 2228 529 2294 translatum
559 2233 615 2294 est.
660 2232 769 2294 contra
790 2227 1005 2293 Hamilcarem
1035 2227 1059 2293 C
1178 2229 1186 2242 '
1212 2229 1343 2294 ‘ensium

123 2313 282 2380 reducem
311 2314 346 2379 in
366 2315 448 2378 mari
477 2337 520 2398 pu
568 2318 670 2393 atum,
698 2313 864 2398 victusque
893 2319 949 2380 est
993 2337 1069 2379 nam
1097 2336 1155 2399 per
1178 2313 1228 2378 ‘tis
1254 2336 1343 2378 sexa·

164 2399 256 2485 ginta
278 2404 430 2484 quattuor
452 2335 586 2465 nauihiis
616 2404 702 2465 retro
725 2422 759 2464 se
781 2400 911 2484 recepit.
955 2399 1092 2465 Romani
1122 2399 1238 2485 uiginti
1265 2399 1343 2464 duas

165 2484 362 2551 amiseumt
391 2485 446 2550 sed
476 2507 549 2550 cum
575 2485 609 2551 in
629 2484 774 2550 Africam
800 2486 999 2564 transissent,
1021 2486 1158 2571 primam
1180 2484 1376 2570 Clypeam,2

165 2569 290 2635 Africae
325 2571 495 2651 civitatem,
519 2571 554 2635 in
588 2571 780 2636 deditionem
812 2577 1011 2656 acceperunt.
1063 2571 1208 2636 consules
1241 2593 1342 2656 usque

166 2655 207 2718 ad
229 2654 454 2741 Carthaginem
474 2660 707 2741 processerunt,
728 2657 902 2741 multisque
924 2657 1057 2722 vastatis
1079 2655 1220 2721 Manlius
1241 2657 1344 2721 vietor

122 2743 156 2792 3⁰
165 2737 302 2804 Romam
323 2740 416 2805 rediit
438 2744 471 2805 et
491 2741 607 2840 viginti
629 2745 751 2825 septem
772 2742 862 2807 milia
884 2743 1082 2826 captivorum
1102 2741 1242 2820 reduxit,
1271 2740 1342 2807 Ati·

163 2823 226 2888 lius
249 2823 393 2910 Regulus
415 2825 448 2888 in
468 2823 580 2890 Africa
601 2827 760 2891 remansit.
803 2828 830 2891 is
853 2831 963 2892 contra
984 2826 1082 2891 Afros
1104 2827 1205 2892 aciem
1226 2826 1377 2891 instra-³

164 2909 219 2974 xit
264 2913 375 2974 contra
400 2913 466 2974 tres
489 2908 800 2996 Carthaginiensium
830 2911 927 2977 duces
957 2912 1111 2977 dimicans
1140 2913 1243 2977 victor
1271 2912 1342 2990 fuit,

166 2995 276 3060 decem
298 2999 330 3060 et
351 2999 424 3060 octo
446 2995 535 3060 milia
556 2996 698 3061 hostium
720 2996 843 3075 cecidit,
865 2997 1006 3082 quinque
1027 2997 1118 3062 milia
1139 3019 1213 3062 cum
1234 2998 1343 3062 decem

166 3084 199 3145 et
221 3085 294 3148 octo
317 3080 494 3164 elephantis
517 3081 609 3166 cepit,
632 3081 835 3166 septuaginta
857 3087 1011 3168 quattuor
1033 3083 1178 3148 civitates
1192 3083 1226 3147 in
1246 3083 1342 3147 fidem

123 3168 154 3217 3⁵
166 3166 296 3250 accepit.
328 3170 398 3230 tum
419 3167 497 3232 uicti
519 3165 798 3252 CarthagInienses
819 3189 931 3252 pacem
947 3191 966 3232 a
980 3167 1134 3234 Romanis
1152 3168 1341 3252 petiverunt
1358 3177 1376 3224 4

233 3358 364 3406 ⁴terasso
384 3354 443 3406 odd.
472 3354 497 3406 P
517 3356 552 3422 cs.
571 3348 685 3405 Scdulze
702 3352 828 3420 Philoleo.
846 3354 884 3406 29
897 3369 926 3421 p.
952 3355 1017 3415 298,
1040 3356 1059 3406 d
1081 3355 1108 3404 ἰν
1127 3356 1220 3423 praef.
1243 3355 1278 3405 od
1300 3358 1342 3409 ed.

166 3436 257 3488 mutor.
274 3453 301 3503 p.
318 3437 424 3502 XXIV,
438 3441 454 3493 δ
466 3454 496 3506 p.
508 3440 544 3490 18
557 3439 567 3505 ΙΙ
580 3446 593 3492 1
607 3453 706 3508 regem
724 3437 878 3493 siculorum
890 3440 914 3491 A
925 3439 952 3506 0,
964 3435 1010 3494 ἐπὶ
1022 3435 1075 3494 τὸν
1086 3437 1210 3512 βασιλέα
1219 3433 1342 3512 Ἱέρωνα

165 3517 200 3584 P;
217 3536 314 3590 regem
330 3537 407 3589 prop.
427 3526 483 3589 dp.
501 3525 548 3586 193
568 3523 648 3577 out
666 3523 685 3574 d
695 3525 730 3591 rs.
742 3520 768 3574 α’
779 3540 805 3590 p.
819 3525 858 3575 40
874 3524 884 3592 fl
901 3530 917 3578 8
935 3526 1065 3592 paratum
1084 3525 1132 3588 rd;
1154 3522 1342 3596 παρασκευῆς

165 3604 322 3678 γενομένης
339 3607 372 3671 P;
399 3610 543 3677 patratum
564 3608 711 3661 Glareanus
733 3609 750 3660 t
773 3611 808 3678 cs.
830 3609 856 3660 α’
871 3626 899 3676 p.
917 3610 979 3677 4411
995 3609 1020 3663 is
1044 3609 1105 3662 odd.
1123 3609 1140 3659 Ιι
1158 3612 1193 3679 cs.
1211 3606 1236 3660 α’
1252 3625 1278 3675 p.
1297 3611 1340 3672 43,

165 3693 209 3755 44,
227 3691 242 3742 b
257 3707 284 3758 p.
303 3692 385 3759 84211
405 3700 435 3747 12
447 3689 533 3763 primi
550 3691 619 3746 belli
637 3696 660 3748 δ’
670 3710 696 3760 p.
716 3696 777 3759 643,
796 3698 854 3761 dp.
872 3697 918 3758 19;
937 3689 994 3751 ἔτει
1018 3693 1048 3750 a
1061 3692 1183 3768 πέμπτῳ
1200 3698 1253 3750 τοῦ
1270 3711 1341 3765 προ-

165 3773 250 3850 τέρου
276 3773 348 3850 πρὸς
371 3771 493 3850 Ἄφρανς
518 3775 648 3847 πολέμου
674 3780 710 3842 Ρ;
733 3779 835 3849 punici
861 3778 930 3834 belli
956 3780 1024 3831 cled
1040 3781 1051 3847 fl
1068 3786 1100 3833 29
1126 3777 1254 3833 castellis
1279 3784 1342 3832 aare

164 3861 287 3917 vastatis
306 3864 388 3916 inser.
407 3863 526 3916 Eussner
543 3863 587 3917 Bl.
604 3868 626 3928 t.
644 3865 670 3920 d.
689 3863 779 3930 boyer.
801 3865 983 3933 Gymnasium.
1001 3866 1062 3931 31²·
1082 3866 1124 3917 76.
