3050 4292
203 199 256 260 30¹
658 191 867 248 EVTROPIVS
894 193 928 246 V.

204 369 284 433 Cato
308 367 389 432 alius
421 367 539 432 consul.
584 367 679 431 duces
701 371 808 430 autem
838 367 990 432 adversus
1011 367 1173 432 Romanos
1199 369 1383 435 Picentibus

205 458 237 518 et
270 453 385 517 Marsis
415 454 545 517 fuerimt
575 452 610 516 Τ.
633 451 771 530 Vettius,
800 451 929 517 Hierius
955 451 1096 531 Asinius,
1127 453 1163 517 Τ.
1194 453 1383 533 Herennius,

169 539 242 607 3A.
265 538 437 603 Cluentius.
472 561 501 627 ‘a
522 536 675 601 Romanis
697 538 780 601 bene
807 542 918 603 contra
945 561 999 603 eos
1025 544 1205 623 pugnatum
1232 545 1282 604 est
1308 563 1327 604 a
1349 540 1381 605 C.

201 624 312 702 Mario,
335 623 390 707 qui
405 623 530 687 sexiens
545 622 656 687 consul
669 624 783 702 fuerat,
797 628 830 689 et
844 646 863 687 a
878 622 932 688 Cn.
948 622 1110 708 Pompeio,
1123 625 1260 689 maxime
1276 631 1383 690 tamen

202 733 221 773 a
242 709 275 772 L.
299 708 445 773 Cornelio
458 707 556 787 Sulla,
579 708 634 791 qui
656 709 737 772 inter
753 709 815 773 alia
831 710 961 795 egregia
976 710 1021 774 ita
1036 709 1226 789 Cluentium,
1240 710 1379 775 hostium
1398 732 1413 779 5

204 795 325 874 ducem,
352 816 425 857 cum
456 795 581 880 magnis
605 793 703 877 copiis
733 794 826 871 fudit,
856 799 894 858 ut
915 817 954 858 ex
985 795 1051 859 suis
1082 819 1182 860 unum
1213 796 1381 860 amitteret.

201 880 411 963 quadriennio
434 901 507 943 cum
529 879 621 964 gravi
651 883 758 944 tamen
790 879 971 944 calamitate
1001 880 1062 944 hoc
1093 881 1213 946 bellum
1244 886 1381 946 tractum

202 969 257 1030 est.
289 965 401 1049 quinto
425 965 553 1029 demum
574 987 657 1028 anno
679 964 776 1029 finem
790 964 912 1049 accepit
932 965 1038 1050 perh.
1058 965 1239 1031 Cornelium
1260 966 1381 1031 Sullam

201 1051 377 1128 consulem,
409 1072 481 1115 cum
512 1055 607 1114 antea
628 1050 662 1114 in
685 1051 796 1114 eodem
826 1050 911 1114 bello
942 1050 1011 1134 ipse
1041 1052 1144 1116 multa
1166 1057 1294 1117 strenue
1325 1052 1381 1116 sed
1514 1105 1521 1113 ,

199 1141 329 1218 praetor
353 1137 477 1222 egisset.
1387 1157 1418 1203 10

169 1235 188 1291 4
285 1221 380 1285 Anno
403 1221 490 1284 urbis
513 1220 659 1284 conditae
681 1221 904 1285 sescentesimo
924 1221 1146 1306 sexagensimo
1162 1223 1301 1286 secundo
1315 1223 1379 1305 pri·

198 1328 287 1371 mum
309 1305 430 1370 Romae
452 1306 573 1369 bellum
603 1304 694 1369 civile
718 1309 914 1370 commotum
944 1311 1004 1386 est,
1036 1307 1148 1370 eodem
1175 1329 1259 1370 anno
1282 1307 1379 1371 etiam

199 1391 461 1456 Mithridaticum.
506 1412 634 1454 causam
665 1391 749 1454 bello
781 1391 867 1456 civili
894 1390 926 1456 C.
957 1391 1080 1456 Marius
1111 1392 1236 1456 sexiens
1268 1393 1378 1455 consul

198 1477 293 1542 dedit.
324 1498 399 1541 nam
422 1498 493 1540 cum
508 1475 597 1540 Sulla
613 1475 724 1540 consul
739 1481 849 1541 contra
862 1475 1079 1541 Mithridaten
1084 1483 1233 1562 gesturus
1248 1477 1377 1554 bellum,

199 1562 255 1644 qui
276 1561 389 1625 Asiam
412 1565 444 1624 et
464 1561 621 1626 Achaiam
643 1565 861 1644 occupaverat,
881 1562 1069 1640 mitteretur,
1091 1563 1180 1646 isque
1203 1563 1376 1626 exercitum
1388 1581 1419 1628 15

197 1649 231 1710 in
254 1646 427 1731 Campania
449 1646 611 1730 paulisper
632 1651 764 1725 teneret,
786 1652 824 1710 ut
838 1646 915 1710 belli
937 1647 1072 1724 socialis,
1095 1648 1133 1711 de
1150 1669 1213 1730 quo
1229 1647 1376 1723 diximus,

198 1733 284 1817 quod
306 1733 391 1796 intra
411 1730 539 1795 ltaliam
561 1735 688 1816 gestum
710 1731 829 1810 fuerat,
854 1731 1006 1815 reliquiae
1028 1732 1227 1810 tollerentur,
1254 1731 1376 1795 Marius
1405 1760 1433 1775 -ν

198 1817 379 1894 adfectavit,
401 1820 438 1880 ut
460 1817 528 1900 ipse
552 1817 591 1880 ad
613 1816 734 1881 bellum
755 1815 1009 1882 Mithridaticum
1028 1819 1218 1882 mitteretur.
1256 1839 1320 1900 qua
1341 1840 1375 1880 re

197 1901 286 1967 Sulla
317 1908 495 1966 commotus
527 1923 600 1966 oum
630 1902 770 1966 exercitu
801 1903 842 1966 ad
871 1903 983 1967 urbem
1016 1903 1113 1968 venit.
1164 1901 1229 1967 illic
1265 1907 1376 1966 contra

197 1987 335 2052 Marium
359 1993 391 2052 et
413 1985 590 2071 Sulpicium
613 1988 782 2052 dimicavit.
812 1988 934 2072 primus
957 1989 1070 2052 urbem
1084 1988 1220 2052 Romam
1235 1991 1374 2052 armatus
1385 2008 1419 2055 20

196 2074 359 2224 tamid
372 2071 1375 2224 tlsdttdtdldtdnldltttttaatttlt

197 2243 298 2310 Cinna
320 2245 361 2308 ad
381 2243 493 2308 Asiam
515 2244 684 2327 profectus.

161 2338 180 2395 t
282 2328 487 2393 Mithridates
519 2329 616 2406 enim,
647 2330 703 2413 qui
737 2328 837 2394 Ponti
867 2351 923 2394 rex
958 2334 1026 2394 erat
1062 2334 1158 2412 atque
1188 2327 1374 2391 Armeniam

197 2415 353 2479 minorem
376 2417 409 2478 et
439 2419 543 2478 totum
565 2413 734 2484 Ponticum
764 2437 851 2478 mare
876 2415 916 2478 'in
948 2415 1080 2479 circuitu
1112 2436 1184 2478 cum
1205 2412 1416 2495 Bosphoroat

196 2500 335 2576 tenebat,
357 2499 496 2582 primum
522 2498 723 2579 Nicomeden,
755 2499 892 2564 amicum
921 2499 1032 2583 populi
1054 2499 1200 2576 Romani,
1221 2497 1373 2580 Bithynia

198 2583 300 2684 l⁰ll¹il
322 2584 478 2668 expellere
510 2585 697 2682 senatuique
727 2585 890 2649 mandavit
920 2585 1042 2649 bellum
1063 2607 1097 2649 se
1119 2584 1148 2648 ei
1174 2588 1306 2680 propter
1326 2584 1374 2681 in·

74 2765 78 2771 ·
196 2667 1372 2839 ttttuttattttssfdstttttsttdltttdtttdtt

163 2859 296 2925 aquare
328 2840 429 2904 iratus
452 2838 685 2924 Cappadociam
708 2841 818 2904 statim
847 2841 1015 2925 occupavit
1036 2846 1130 2906 etex
1158 2864 1195 2905 ea
1216 2838 1368 2936 Ariobar·
1382 2859 1417 2906 30

196 2949 306 3005 zanen,
337 2946 447 3010 regem
470 2929 502 2990 et
533 2926 669 2990 amicum
691 2926 802 3009 populi
833 2924 978 3004 Romani
999 2926 1132 3011 fugavit.
1176 2947 1251 2989 mox
1277 2928 1373 2986 eham

196 3010 384 3096 Bithyniam
405 3011 522 3074 invasit
543 3015 575 3074 et
597 3009 850 3095 Paphlagoniam
871 3011 972 3095 pulsis
994 3033 1034 3076 ex
1056 3034 1093 3075 ea
1114 3033 1149 3075 re
1173 3010 1244 3074 ibus
1265 3008 1374 3073 amicis

195 3097 308 3248 ised
321 3094 968 3266 scanlaudam
989 3032 1373 3263 ill

199 3272 306 3332 essent
328 3268 410 3332 cives
433 3265 579 3344 Romani,
600 3287 664 3331 uno
687 3265 737 3330 die
760 3266 986 3332 occiderentur.
1383 3285 1416 3332 35

8 3363 28 3374 “
161 3361 181 3422 6
283 3351 410 3417 Interea
432 3352 529 3417 etiam
550 3349 704 3430 Athenae,
727 3351 838 3416 civitas
859 3350 1009 3431 Achaiae,
1037 3351 1078 3416 ab
1100 3350 1251 3414 Aristone
1273 3347 1373 3414 Athe·

200 3437 303 3502 niensi
311 3435 491 3501 Mithridati
499 3437 617 3502 tradita
633 3441 689 3502 est.
709 3437 842 3501 miserat
851 3437 935 3502 enim
944 3437 1009 3502 iam
1023 3437 1063 3502 ad
1075 3435 1233 3501 Achaiam
1247 3433 1372 3498 Mithri-

199 3522 289 3586 dates
310 3520 505 3586 Archelaum
537 3522 649 3587 ducem
680 3545 774 3587 suum
805 3544 878 3587 oum
900 3526 1026 3586 centum
1049 3527 1081 3586 et
1103 3521 1217 3607 viginti
1246 3519 1373 3584 milibus

266 3714 297 3761 10
320 3706 427 3776 egisset
445 3709 477 3769 d;
495 3705 632 3777 gessisset
648 3708 665 3759 t
687 3710 696 3778 ΙΙ
718 3715 750 3761 26
763 3706 884 3777 primum
896 3709 918 3761 Α
930 3708 997 3770 Bd;
1014 3707 1105 3778 primo
1122 3707 1168 3761 dt
1189 3707 1199 3774 ΙΙ
1221 3702 1373 3760 28mithri·

198 3789 257 3844 dati
278 3795 323 3845 est
343 3791 423 3844 ccl·
442 3796 477 3861 cf.
501 3795 519 3846 d
539 3794 565 3844 in
578 3797 671 3861 praes.
690 3796 726 3846 od
746 3796 787 3848 ed.
800 3795 892 3848 maior.
906 3810 935 3863 p.
955 3795 1041 3859 XIII,
1059 3811 1107 3850 om.
1129 3795 1147 3846 d
1167 3794 1178 3861 ll
1200 3798 1232 3846 36
1255 3787 1372 3845 achaiae

195 3878 246 3929 aa.
265 3879 291 3929 o
304 3892 333 3942 p.
353 3877 412 3939 645,
432 3880 448 3932 a
460 3893 490 3945 p.
508 3880 550 3930 19.
