3050 4292
635 150 850 260 nvnuorrvs
878 192 925 258 111.
1333 197 1371 258 17
1421 191 1424 196 ’

186 386 337 452 prospere
359 371 450 452 gesta
473 371 529 431 est.
573 379 621 435 XL
644 365 731 429 milia
752 365 895 429 hostium
915 364 1083 430 interfecta
1106 371 1181 430 sunt
1201 371 1236 431 ct
1254 367 1369 431 trium-

187 454 271 538 phus
293 452 431 517 Aemilio
456 453 607 516 decretus.
1165 508 1167 515 ,

273 537 406 623 Aliquot
429 537 540 601 deinde
564 536 654 600 annis
676 540 748 619 post
775 540 885 599 contra
911 533 1019 599 Gallos
1044 536 1130 600 intra
1155 534 1284 602 Italiam
1309 546 1401 619 prr-o

188 629 322 710 gnatum
345 627 400 701 est,
421 622 609 704 finitumque
631 620 755 685 bellum
776 619 819 684 M.
839 619 969 684 Claudio
985 619 1137 686 Marcello
1162 626 1195 686 et
1220 620 1275 686 On.
1291 621 1369 685 Gor·

154 710 272 780 anelio
305 709 451 793 Scipione
482 707 671 771 consulibus.
725 709 795 770 tum
820 704 990 770 Marcellus
1027 728 1101 770 crnn
1135 730 1235 791 parva
1270 730 1370 771 manu

189 795 333 878 equitum
364 792 525 857 dimicavit
557 796 589 855 et
628 813 739 876 regem
770 789 934 854 Gallorum
969 791 1210 857 Viridomarum
1238 793 1370 856 nomine

188 902 287 943 manu
309 902 365 943 sua
389 877 511 942 oceidit.
547 880 658 960 postea
681 899 752 940 cum
775 876 898 961 collega
911 877 1059 961 ingentes
1081 879 1190 961 copias
1205 876 1371 942 Gallorum

189 965 332 1048 peremit,
363 963 578 1027 Mediolanum
609 962 818 1046 expugnavit,
854 962 1009 1048 grandem
1044 963 1196 1045 praedam
1232 963 1370 1028 Romam

189 1050 328 1133 pertulit.
373 1071 409 1114 ac
435 1047 635 1131 triumphans
662 1045 833 1110 Marcellus
861 1047 963 1130 spolia
990 1045 1075 1111 Galli
1097 1048 1199 1130 stipiti
1220 1049 1372 1133 imposita

149 1156 180 1202 ro
189 1135 307 1198 umeris
330 1135 394 1197 suis
416 1134 510 1197 vexit.
1159 1198 1161 1203 ,

275 1218 317 1282 Μ.
348 1219 487 1283 Minucio
510 1218 607 1296 Rufe,
638 1217 673 1282 P.
701 1217 847 1282 Cornelio
883 1218 1065 1282 consulibus
1096 1216 1217 1281 Histris
1247 1217 1402 1286 bellum?

189 1304 316 1369 illatum
339 1308 394 1383 est,
418 1305 493 1387 quia
513 1304 696 1368 latrocinati
721 1303 857 1368 navibus
883 1302 1102 1366 Romanorum
1122 1303 1258 1381 fueraut,
1286 1325 1369 1386 quae

190 1389 350 1453 frumenta
383 1389 586 1466 exhibebant,
617 1388 851 1472 perdomitique
881 1392 956 1451 sunt
982 1409 1101 1452 omnes.
1146 1389 1259 1452 eodem
1287 1407 1405 1454 annos

190 1474 311 1538 bellum
333 1474 492 1538 Punicum
507 1475 680 1538 secundum
695 1473 847 1553 Romanis
868 1473 994 1537 illatum
1009 1478 1057 1537 est
1075 1495 1132 1557 per
1147 1471 1381 1552 Hannibalem,

149 1559 501 1644 rsGarthaginiensium
532 1561 658 1638 ducem,
690 1559 745 1642 qui
782 1559 970 1643 Saguntum,
1001 1558 1175 1641 Hispaniae
1208 1559 1372 1623 civitatem

191 1645 347 1709 Romanis*
366 1646 509 1724 amicam,
529 1667 713 1730 oppugnare
737 1645 906 1728 adgressus
929 1649 986 1722 est,
1009 1666 1128 1708 annum
1152 1666 1249 1728 agens
1263 1645 1370 1719 vicen·

191 1731 305 1794 simum
328 1731 448 1810 aetatis,
473 1732 571 1814 copiis
595 1751 713 1815 congre
739 1730 799 1792 atis
823 1733 952 1793 centum
978 1729 1121 1812 quinqua
1147 1729 1213 1793 ‘uta
1235 1729 1368 1793 milium.

189 1815 265 1880 huic
296 1815 432 1880 Romani
460 1839 518 1899 per
546 1816 671 1900 legatos
704 1751 981 1893 Genuntiaverunt,
1012 1818 1049 1877 ut
1079 1750 1163 1878 beHb
1187 1815 1405 1897 abstineretis

191 1902 219 1964 is
240 1901 365 1986 legatos
393 1902 559 1965 admittere
586 1901 696 1964 noluit.
740 1898 879 1963 Romani
906 1900 1002 1963 etiam
1024 1898 1252 1983 Carthaginem
1277 1900 1372 1964 mise·

149 2007 181 2054 20
191 1989 273 2064 runt,
297 1991 332 2050 ut
353 1987 557 2050 mandaretur
578 1985 760 2063 Hannibali,
782 2007 822 2048 ne
844 1984 964 2048 bellum
991 1989 1102 2048 contra
1128 1985 1231 2048 socios
1257 1984 1371 2069 populi

191 2069 329 2133 Romani
351 2075 485 2154 gereret.
529 2072 607 2134 dura
634 2092 786 2153 responsa
805 2092 824 2132 a
846 2068 1161 2153 Carthaginiensibus
1189 2070 1265 2134 data
1286 2075 1368 2133 sunt.

192 2153 362 2240 Saguntini
382 2156 504 2218 interea
525 2155 609 2218 same
624 2155 700 2218 victi
723 2158 797 2218 sunt
819 2155 968 2237 captique
991 2155 1032 2217 ab
1046 2152 1228 2218 Hannibale
1249 2155 1373 2218 ultimis

191 2241 304 2323 poenis
326 2240 523 2304 adficiuntur.
703 2291 704 2294 η
762 2318 763 2322 ¹

278 2325 360 2389 Tum
382 2324 416 2388 P.
440 2324 603 2389 Cornelius
625 2322 731 2407 Scipio
762 2346 836 2405 ¹eum
867 2323 1007 2387 exercitu
1032 2324 1067 2386 in
1087 2321 1278 2406 Hispaniam
1299 2337 1405 2408 pro-8

150 2409 292 2480 suiectus
315 2416 371 2489 est,
394 2410 440 2475 Ti.
463 2409 667 2493 Sempronius
690 2409 724 2472 in
739 2407 886 2473 Siciliam.
917 2408 1038 2472 bellum
1051 2407 1171 2472 Sartha
1195 2409 1370 2473 iniensibus

191 2497 346 2560 indictum
377 2501 431 2562 est.
476 2494 639 2559 Hannibal
669 2495 781 2559 relicto
811 2495 845 2557 in
867 2493 1024 2578 Hispania
1045 2493 1145 2558 fratre
1201 2495 1405 2561 asdrubales

117 2637 121 2648 .
192 2579 392 2664 Pyrenaeum
422 2581 555 2646 transiit.
599 2579 698 2664 Alpes
728 2585 799 2644 tum
830 2601 868 2644 ea
893 2585 983 2663 parte
1005 2579 1108 2643 invias
1129 2579 1191 2643 sibi
1212 2579 1371 2664 patefecit.

193 2666 330 2729 traditur
352 2667 393 2728 ad
413 2665 539 2730 Italiam
563 2679 662 2732 LXXX
683 2665 772 2729 milia
793 2665 943 2749 peditum,
966 2679 991 2732 X
1012 2664 1102 2728 milia
1124 2665 1280 2748 equitum,
1302 2687 1374 2749 sep·

193 2753 259 2813 tem
287 2755 319 2814 et
340 2764 420 2818 XXX
450 2750 634 2834 elephantos
667 2751 854 2815 adduxisse·
891 2751 1015 2814 interea
1042 2750 1137 2814 multi
1167 2749 1302 2835 Ligures
1333 2754 1365 2814 et

1 2835 29 2902 s
150 2857 182 2907 30
193 2833 277 2900 Galli
298 2834 472 2899 Hannibali
494 2858 526 2898 se
550 2835 788 2899 coniunxerunt.
832 2833 1037 2919 Sempronius
1060 2833 1222 2900 Gracchus
1241 2835 1409 2932 cognitos

193 2918 235 2984 ad
260 2917 386 2984 Italiam
407 2919 597 2984 Hannibalis
629 2919 767 2984 adventu
794 2941 833 2984 ex
859 2919 965 2983 Sicilia
992 2920 1166 2985 exereitum
1191 2919 1375 2984 Anmmum

192 3006 374 3072 transvexit.
456 3023 459 3030 ·

88 3167 91 3174 ⁴
278 3090 313 3156 P.
336 3090 501 3174 Cornelius
531 3087 635 3174 Scipio
661 3087 838 3154 Hannibali
866 3090 988 3175 primus
1014 3090 1160 3155 occurrit
1204 3091 1405 3165 commissos)

192 3177 313 3258 proelio
344 3175 379 3241 fu
404 3176 464 3241 atis
499 3176 563 3240 suis
594 3175 661 3259 ipse
688 3175 871 3240 vulneratus
898 3177 931 3239 in
953 3180 1057 3240 castra
1078 3175 1181 3240 rediit.
1225 3174 1375 3260 Sempro-

151 3261 265 3338 35nius
287 3199 449 3328 Gracelrus
472 3268 504 3327 et
525 3261 594 3346 ipse
617 3260 760 3410 confligit
782 3262 868 3344 apud
889 3260 1040 3325 Trebiam
1066 3283 1201 3326 amnem
1243 3262 1374 3345 isquo·

217 3368 256 3410 ue
278 3347 421 3413 uincitur.
465 3346 639 3412 Hannibali
661 3348 754 3411 muti
777 3369 810 3410 se
831 3347 866 3410 in
886 3344 981 3410 Italia
1004 3346 1200 3411 dediderunt.
1234 3346 1309 3412 inde
1332 3349 1406 3426 ad2

194 3368 342 3496 ducciam
372 3435 500 3498 veniens
531 3431 695 3497 Hannibal
726 3429 885 3496 Flaminio
916 3431 1039 3496 consuli
1068 3431 1215 3496 occurrit
1266 3432 1409 3517 ipsum3

199 3583 201 3588 ’
263 3623 279 3670 4
299 3620 327 3671 er
345 3619 458 3686 naues.
477 3620 502 3683 4,
519 3620 571 3679 21;
589 3620 614 3686 5,
632 3621 665 3678 3;
683 3620 707 3682 c,
727 3620 760 3677 c,·
779 3620 808 3672 et
825 3633 873 3670 om.
894 3618 929 3670 eu
949 3618 959 3684 ιι
984 3625 1014 3671 19
1027 3617 1139 3687 legatos
1150 3616 1302 3671 admittere
1322 3619 1379 3669 nc

197 3702 249 3754 liv.
267 3703 312 3768 21,
330 3705 354 3766 9,
373 3705 390 3754 4
408 3704 424 3755 t
442 3706 474 3763 d;
500 3703 603 3773 legatis
632 3719 732 3772 parere
753 3703 860 3770 erup.
881 3705 924 3766 15,
947 3705 983 3754 18
1005 3703 1016 3770 l
1037 3710 1068 3757 21
1098 3703 1168 3756 data
1192 3704 1261 3755 sunt
1285 3702 1375 3767 nem

195 3787 263 3841 data
288 3789 306 3840 d
327 3788 337 3855 ΙΙ
359 3795 390 3842 25
420 3788 526 3842 bellum
561 3787 837 3858 carthaginiensibus
869 3787 1011 3841 indictum
1041 3791 1086 3843 est
1109 3791 1174 3856 post
1204 3785 1377 3839 adficiuntur

195 3877 297 3940 trurrsp.
316 3877 333 3928 δ
348 3892 373 3942 p.
393 3877 427 3926 19
448 3873 457 3941 ΙΙ
479 3881 511 3929 35
530 3890 639 3928 amnem
658 3875 708 3928 del.
729 3878 787 3942 dp.
806 3876 850 3928 18.

246 3959 383 4014 Eutropius.
1186 3964 1203 4009 2
