3050 4292
65 269 66 272 κ
119 188 122 194 ’
177 231 219 293 co
620 216 840 285 nvraoervs.
865 230 911 284 rx.

176 425 196 551 p
215 399 378 550 plerisqrple
389 401 522 550 tscribae
544 399 637 479 filius,
661 424 679 465 a
695 401 856 466 nonnullis
870 400 1003 465 Anulini
1018 401 1172 466 senatoris
1186 400 1356 465 libertinus

190 507 273 551 ursse
296 507 347 550 cre
370 508 449 550 aur.
482 503 484 507 ·

135 572 175 634 20
262 569 294 636 Is
320 571 423 654 prima
449 571 587 636 militum
614 573 760 636 contione
787 573 904 637 iuravit
925 570 1156 636 Numerianum
1181 570 1270 638 nullo
1296 594 1354 636 suo

178 656 250 720 dolo
277 655 493 734 interfectum,
521 661 553 720 et
579 678 652 720 cum
673 657 763 722 iuxta
786 680 859 722 enm
879 657 981 740 Aper,
1004 657 1059 740 qui
1080 654 1277 720 Numeriano
1306 657 1354 720 in·

177 741 272 806 sidias
292 742 424 821 fecerat,
452 741 657 821 constitisset,
683 743 717 807 in
739 747 909 826 conspectu
931 743 1088 807 exercitus
1110 764 1206 806 manu
1227 741 1353 806 Diocle·
1372 761 1388 808 5

144 839 159 886 a
178 827 256 890 tiani
270 847 437 910 percussus
453 831 508 892 est.
551 831 661 911 postea
677 827 827 892 Carinum
842 827 983 892 omnium
1002 828 1076 892 odio
1099 832 1131 892 et
1146 827 1353 892 detestatione

176 911 335 976 viventem
358 913 443 996 apud
457 912 605 998 Margum
628 912 752 998 ingenti
773 913 896 996 proelio
911 912 995 991 vicit,
1016 912 1180 996 proditum
1202 912 1242 976 ab
1265 935 1354 977 exer·
1449 923 1453 930 '

177 997 242 1061 citu
263 1019 329 1075 suo,
352 1019 448 1080 quem
462 997 626 1062 fortiorem
647 997 796 1076 habebat,
819 1001 903 1062 certe
923 999 1091 1076 desertum,
1113 997 1197 1062 inter
1211 992 1354 1062 Vimina-

143 1081 261 1146 3cium
292 1085 387 1167 atque
413 1081 557 1148 Aureum
582 1087 732 1148 montem.
780 1083 826 1146 ita
856 1105 963 1147 rerum
988 1081 1207 1165 Romanarum
1233 1084 1354 1167 potitus

177 1189 248 1231 curn
264 1167 445 1233 ‘tumultum
467 1167 618 1232 rusticani
644 1168 677 1232 in
701 1167 803 1232 Gallia
829 1169 1043 1233 concitassent
1065 1172 1098 1232 et
1118 1168 1250 1234 factioni
1275 1191 1352 1232 suae
1367 1189 1396 1234 ro

176 1252 398 1320 Bacaudarum
412 1275 527 1317 nomen
542 1253 751 1335 imponerent,
767 1254 863 1318 duces
879 1258 985 1318 autem
999 1252 1157 1317 haberent
1170 1251 1354 1317 Amandum

177 1342 208 1401 et
217 1336 398 1415 Aelianum,
412 1339 452 1402 ad
467 1337 659 1423 subigendos
675 1360 728 1402 eos
742 1336 974 1402 Maximianum
982 1337 1171 1403 Heraclium
1186 1337 1353 1402 Caesarem

175 1423 274 1569 missit,
306 1423 361 1506 qui
387 1422 511 1488 levibus
541 1423 670 1506 proeliis
702 1428 845 1508 agrestes
877 1425 999 1489 domuit
1029 1427 1061 1489 ct
1090 1445 1202 1506 pacem
1229 1422 1352 1487 Galliae

157 1530 209 1571 re
224 1508 368 1572 ormavit.

133 1600 167 1660 21
260 1591 323 1656 Per
351 1591 431 1656 haec
461 1597 605 1676 tempora
641 1593 736 1658 etiam
767 1593 951 1672 CarausiuS,
986 1595 1042 1676 qui
1077 1593 1227 1657 vilissime
1258 1596 1396 1657 natnsrs

176 1681 324 1742 strenuae
346 1677 603 1742 militiacordine
626 1677 745 1743 famam
761 1680 926 1764 egregiam
940 1679 1046 1742 fuerat
1061 1681 1257 1755 consecutus
1278 1677 1352 1741 cunr
1390 1728 1392 1732 ,

176 1763 262 1845 apud
287 1763 467 1827 Bononiam
493 1786 551 1847 per
581 1767 719 1828 tractum
745 1764 896 1849 Belgicae
927 1768 960 1827 et
984 1763 1143 1828 Armorici
1173 1762 1353 1846 pacandum

175 1869 262 1911 mare
289 1849 475 1932 accepisset,
506 1849 593 1932 quod
622 1847 738 1913 Franci
769 1853 801 1912 et
832 1848 972 1913 Saxones
1003 1848 1212 1927 infestabant,
1241 1846 1353 1913 multis
1390 1918 1391 1921 Ἴ

174 1931 318 1999 barbaris
350 1955 443 2017 saepe
475 1933 579 2017 captis
604 1955 663 1998 nec
696 1934 816 2018 praeda
850 1935 977 2019 integra
1013 1939 1070 1997 aut
1104 1933 1352 2017 provincialibus

176 2018 299 2082 reddita
330 2022 387 2082 aut
416 2017 661 2102 imperatoribus
692 2019 789 2084 missa
825 2041 898 2083 curn
927 2019 1064 2104 suspicio
1097 2041 1165 2084 esse
1196 2019 1352 2102 coepisset
1363 2035 1397 2083 20

177 2103 322 2168 consulto
350 2101 391 2168 ab
422 2125 459 2168 eo
491 2103 616 2168 admitti
641 2103 808 2183 barbaros,
837 2109 874 2169 ut
900 2109 1101 2170 transeuntes
1132 2126 1205 2168 cum
1234 2103 1354 2188 praeda

166 2189 334 2338 'exciperet
361 2193 458 2274 atque
485 2189 546 2252 bac
573 2191 802 2339 sentocpainopte
829 2189 958 2289 ditaret,
985 2213 1005 2254 a
1025 2189 1220 2339 Mpximiano
1246 2190 1354 2254 iussus

177 2295 244 2338 ocor
266 2298 277 2338 1
298 2296 474 2357 purpuram
496 2297 567 2338 sum
591 2296 618 2338 s1
655 2297 671 2338 e
736 2297 765 2339 r1
795 2297 885 2340 amas
908 2297 985 2352 occu
1009 2298 1083 2338 avr.

133 2373 170 2432 22
261 2359 311 2424 lta
334 2381 406 2424 cum
424 2353 484 2443 per
511 2297 637 2424 omiiem
665 2359 775 2424 orbem
802 2364 959 2424 terrarum
985 2298 1036 2424 ies
1063 2361 1210 2424 turbatae
1237 2361 1352 2436 essent,

176 2442 344 2508 Carausius
365 2444 399 2509 in
421 2437 587 2509 Brittaniis
601 2445 780 2523 rebellaret,
794 2443 957 2510 Achilleus
979 2445 1016 2517 in
1028 2445 1100 2530 Aeg
1144 2448 1186 2521 to,
1209 2442 1352 2507 Africam
1362 2460 1396 2506 25

176 2527 468 2614 Quinquegentiani
497 2530 698 2609 infestarent,
730 2529 873 2594 Narseus
904 2528 1026 2594 Orienti
1056 2467 1175 2594 belliim
1210 2528 1353 2607 inferret,

175 2614 392 2678 Diocletianus
407 2613 638 2680 Maximianum
651 2615 838 2679 Herculium
858 2638 897 2680 ex
912 2615 1045 2680 Caesare
1067 2615 1145 2679 fecit
1158 2614 1352 2699 Augustum,

176 2697 397 2764 Constantium
420 2705 451 2764 et
472 2699 701 2764 Maximianum
724 2699 886 2779 Caesares,
908 2723 1046 2784 quorum
1068 2699 1273 2765 Constantius
1294 2721 1352 2782 per
1454 2757 1458 2765 .

174 2784 273 2849 filiam
303 2807 401 2868 nepos
433 2784 545 2850 Claudi
574 2785 728 2864 traditur,
764 2785 977 2851 Maximianus
1006 2785 1154 2851 Galerius
1184 2785 1219 2849 in
1249 2783 1350 2848 Dacia

174 2868 260 2934 baud
290 2870 387 2956 longe
420 2893 438 2934 a
469 2868 596 2935 Serdica
627 2874 729 2934 natus.
779 2876 875 2955 atque
905 2876 943 2936 ut
974 2893 1029 2936 eos
1061 2871 1158 2936 etiam
1189 2869 1350 2934 adfinitate
1361 2885 1395 2934 30

176 2956 393 3041 coniungeret,
417 2955 620 3020 Constantius
641 2956 822 3041 privignam
843 2956 977 3021 Herculi
998 2956 1200 3021 Theodoram
1221 2953 1351 3037 accepit,

175 3063 213 3104 ex
236 3063 299 3124 qua
322 3045 432 3124 postea
454 3063 509 3105 sex
529 3040 663 3118 liberos,
685 3040 885 3106 Constantini
907 3041 1036 3119 fratres,
1057 3041 1183 3120 habuit,
1205 3038 1351 3105 Galerius

174 3126 273 3190 filiam
287 3125 481 3191 Diocletiani
496 3125 667 3214 Valeriam,
689 3127 784 3191 ambo
799 3148 922 3206 uxores,
945 3149 1025 3212 quas
1047 3126 1234 3204 habuerant,
1255 3134 1371 3208 rapu-⁸

128 3231 163 3277 a
176 3212 263 3277 diare
279 3211 441 3295 compulsi.
485 3234 558 3275 cum
574 3211 726 3276 Carausio
740 3217 857 3291 tamen,
877 3235 949 3277 cum
963 3212 1047 3277 bella
1061 3212 1180 3295 frustra
1194 3213 1353 3294 temptata
1390 3234 1393 3238 ·

176 3300 279 3361 essent
306 3301 416 3362 eontra
442 3297 546 3360 virum
571 3297 619 3361 rei
645 3296 792 3361 militaris
817 3298 1057 3380 peritissimum,
1088 3298 1129 3361 ad
1154 3300 1395 3380 postremumaa

174 3403 238 3464 pax
260 3383 414 3446 convenit.
459 3405 530 3446 eum
552 3386 625 3466 post
639 3382 841 3466 septennium
855 3382 999 3448 Allectus
1022 3382 1127 3446 socius
1144 3382 1214 3446 eius'
1227 3380 1350 3459 occidit,

176 3469 273 3549 atque
303 3465 371 3548 ipse
406 3473 479 3550 post
513 3490 586 3532 eum
617 3466 793 3532 Brittanias
828 3467 966 3532 triennio
1001 3468 1113 3533 tenuit.
1166 3467 1222 3551 qui
1253 3467 1350 3530 ductu

245 3657 257 3702 1
277 3649 385 3703 anulini
407 3649 434 3702 F
455 3650 499 3719 (cf.
522 3668 544 3702 ru
561 3666 591 3718 p.
615 3652 680 3723 386)
699 3653 754 3706 Ph
774 3656 791 3708 δ
810 3669 838 3720 p.
861 3656 896 3706 17
918 3655 953 3722 cf.
972 3670 994 3704 ro
1011 3670 1041 3720 p.
1065 3655 1132 3719 392;
1156 3650 1276 3707 anullini
1292 3652 1338 3719 dl

178 3739 193 3787 8
213 3735 263 3786 aut
281 3739 343 3786 ante
362 3736 439 3789 certe
463 3738 543 3788 inser.
561 3737 588 3788 t¹
607 3753 637 3804 p.
660 3739 696 3790 46
712 3739 722 3806 ΙΙ
736 3743 768 3792 15
793 3737 841 3806 qui
858 3740 909 3796 der.
933 3742 1003 3807 6¹12.
1022 3739 1101 3806 6551}
1120 3744 1151 3792 18
1168 3736 1351 3793 infestabant

176 3813 277 3886 Multis
297 3820 322 3872 δί
338 3834 365 3885 p.
385 3821 464 3887 65511
482 3827 514 3876 30
533 3820 644 3877 serdica
662 3823 840 3892 cliteroaym.
860 3840 886 3878 a:
906 3826 982 3878 2304
995 3826 1026 3888 d,
1045 3824 1156 3879 sardica
1174 3824 1221 3878 Ph
1237 3824 1248 3892 l
1264 3825 1352 3890 atque

175 3903 209 3954 nt
226 3915 273 3953 eos
292 3917 306 3953 c
323 3903 340 3953 t
359 3904 377 3954 d
394 3905 429 3972 cf.
448 3901 601 3973 Hieronym.
620 3925 644 3960 a.
662 3909 750 3972 23063
769 3913 857 3978 utque
876 3927 925 3965 eos
945 3911 980 3963 M.
993 3911 1084 3980 Haupt
1102 3925 1191 3980 opusc.
1210 3913 1270 3977 31²·
1289 3910 1351 3962 572.
