3050 4292
584 203 801 259 nv'raoervs
828 197 902 259 vm.
1071 177 1073 179 ’
1292 212 1331 274 51

43 384 47 400 ¹
155 377 315 442 Galeriam
344 377 528 441 Faustinam
556 378 726 458 iuniorem,
757 379 977 465 consobrinam
1006 403 1104 444 suam.
1147 381 1181 444 hi
1209 381 1363 450 belluma

156 468 267 528 contra
289 461 425 527 Parthos
448 468 629 548 gesserunt,
657 465 712 546 qui
733 469 806 547 post
827 465 993 529 victoriam
1015 465 1145 530 Traiani
1171 461 1240 531 tum
1266 467 1330 550 pri-

154 572 242 612 mum
259 548 500 612 rebellaverant.
544 547 647 612 Verus
669 548 851 614 Antoninus
874 551 915 614 ad
936 551 969 615 id
988 552 1151 634 profectus
1174 557 1230 616 est.
1274 553 1330 635 qui

156 634 343 698 Antiochiae
370 638 402 698 et
429 633 512 696 circa
533 632 719 698 Armeniam
746 656 844 719 agens
871 636 974 700 multa
998 637 1174 719 perduces
1199 660 1274 702 suos
1301 642 1333 702 et

39 791 41 798 ,
122 739 136 786 5
155 721 300 805 ingentia
322 718 473 802 patravit3
499 717 676 783 Seleuciam
698 718 848 804 Assyriae
874 721 986 788 urbem
1008 720 1238 787 nobilissimam
1260 745 1333 806 cum

156 805 397 889 quadringentis
419 803 556 868 milibus
586 803 751 870 hominum
787 807 882 890 cepit3
917 806 1101 871 Parthicum
1136 808 1333 892 triumphum

65 973 67 976 .
155 892 285 956 revexit.
328 889 521 954 cumfratre
545 891 718 974 eodemque
741 891 1079 975 socerotriumphavit.
1123 893 1204 957 obiit
1225 898 1366 960 tamena

155 977 188 1038 in
210 975 356 1054 Venetia,
378 997 451 1039 cum
473 999 491 1038 a
514 973 688 1040 Concordia
711 977 838 1041 civitate
859 976 1007 1042 Altinum
1027 977 1279 1062 proficisceretur
1301 984 1333 1043 et

157 1084 228 1125 cum
259 1061 358 1125 fratre
394 1061 428 1124 in
457 1061 602 1125 vehiculo
635 1061 770 1139 sederet,
807 1062 916 1126 subito
944 1064 1099 1149 sanguine
1134 1064 1218 1128 ictus
1255 1086 1331 1128 casu

116 1146 267 1225 romorbi,
290 1168 385 1230 quem
401 1146 512 1211 Graeci
535 1145 705 1230 apoplexin
719 1152 841 1211 vocant.
885 1148 934 1212 vir
948 1148 1071 1232 ingenii
1084 1171 1199 1232 parum
1220 1148 1330 1227 civilis,
1350 1173 1365 1217 4

155 1233 331 1296 reverentia
346 1236 454 1296 tamen
468 1231 577 1296 fratris
591 1231 672 1295 nihil
686 1255 839 1316 umquam
861 1237 952 1298 atrox
968 1256 1074 1298 ausus.
1118 1256 1190 1298 cum
1211 1235 1331 1298 obisset

155 1318 320 1382 undecimo
342 1317 468 1400 imperii
490 1339 581 1395 anne,
603 1319 687 1381 inter
709 1319 784 1381 deos
806 1319 925 1383 relatus
947 1323 1002 1382 est.

239 1403 317 1468 Post
332 1425 404 1467 eum
418 1401 461 1466 M.
476 1401 657 1466 Antoninus
673 1403 758 1469 solus
772 1426 841 1467 rem
854 1404 1015 1487 publicam
1030 1405 1141 1482 tenuit,
1163 1405 1212 1468 vir
1234 1427 1329 1488 quem
1339 1415 1373 1466 11

154 1489 263 1554 mirari
292 1489 416 1553 facilius
452 1488 523 1573 quis
561 1510 657 1571 quam
693 1488 823 1552 laudare
853 1489 960 1572 possit.
1013 1513 1033 1554 a
1062 1490 1216 1574 principio
1247 1489 1330 1554 vitae

114 1574 446 1660 intranquillissimus,
477 1574 555 1637 adeo
586 1578 622 1637 ut
654 1595 692 1637 ex
722 1573 858 1638 infantia
890 1597 1016 1658 quoque
1047 1575 1172 1639 vultum
1203 1596 1262 1638 nec
1293 1597 1331 1639 ex

155 1661 272 1746 gaudio
295 1682 353 1724 nec
375 1683 414 1724 ex
436 1681 579 1724 maerore
594 1660 773 1724 mutaverit.
816 1659 1036 1744 philosophiae
1052 1660 1176 1724 deditus
1198 1659 1331 1737 Stoicae,

153 1748 220 1830 ipse
245 1746 341 1810 etiam
363 1768 426 1810 non
441 1745 545 1810 solum
567 1746 650 1809 vitae
665 1745 817 1824 moribus,
839 1746 1007 1810 sedetiam
1030 1746 1207 1810 eruditione
1228 1745 1331 1828 philo-

154 1831 279 1914 sophus.
322 1835 430 1901 tantae
453 1830 670 1895 admirationis
694 1829 797 1895 adhuc
817 1832 948 1911 iuvenis,
969 1836 1006 1895 ut
1028 1853 1102 1895 eum
1119 1852 1331 1895 successorem
1350 1845 1364 1892 2

153 1916 314 2000 paraverit
340 1915 522 1983 Hadrianus
549 1915 741 1999 relinquere,
769 1918 922 2000 adoptato
949 1921 1057 1981 tamen
1082 1916 1245 1980 Antonino
1272 1915 1330 1979 Pio

113 2017 309 2086 ragenerum
336 2001 365 2064 ei
390 2001 507 2065 idcirco
535 2023 602 2064 esse
628 2001 779 2080 voluerit,
805 2007 842 2066 ut
867 2001 928 2066 hoc
955 2003 1064 2066 ordine
1097 2002 1137 2065 ad
1163 2001 1332 2084 imperium

179 2086 342 2149 erveniret.

155 2109 176 2170 p
241 2169 409 2234 Institutus
425 2174 473 2234 est
489 2171 529 2234 ad
543 2170 778 2254 philosophiam
791 2193 849 2254 per
856 2169 1063 2254 Apollonium
1073 2170 1329 2249 Chalcedonium,
1338 2180 1373 2233 12

102 2336 104 2342 ἲ
155 2258 196 2321 ad
218 2256 382 2326 scientiam
404 2255 584 2320 litterarum
605 2255 799 2320 Graecarum
819 2279 877 2340 per
898 2256 1150 2321 Chaeronensem
1163 2255 1329 2334 Plutarchi

18 2373 32 2397 .
152 2347 310 2427 nepotem,
331 2340 461 2406 Latinas
477 2346 583 2405 autem
607 2364 679 2405 eum
694 2341 819 2406 litteras
835 2342 963 2419 Front0,
985 2346 1093 2406 orator
1106 2341 1328 2419 nobilissimus,

31 2441 36 2450 ’·
111 2443 143 2490 25
154 2428 268 2492 docuit.
316 2427 368 2492 hic
401 2448 472 2492 cum
498 2427 644 2492 omnibus
670 2425 791 2492 Romae
820 2449 921 2510 aequo
947 2428 1016 2491 iure
1048 2428 1115 2511 egit
1142 2428 1182 2491 ad
1209 2425 1330 2490 nullam

154 2512 354 2586 insolentiam
381 2513 483 2578 elatus
511 2513 637 2597 imperii
663 2512 807 2598 fastigio,
838 2512 1040 2577 liberalitatis
1066 2512 1330 2596 promptissimae.

154 2597 333 2680 provincias
355 2599 478 2682 ingenti
499 2598 697 2682 benignitate
726 2603 757 2662 et
779 2598 997 2662 moderatione
1019 2599 1177 2662 tractavit.
1221 2601 1363 2662 contrat

155 2683 329 2747 Germanos
360 2705 397 2746 eo
428 2683 569 2766 principe
600 2705 651 2747 res
681 2683 816 2748 feliciter
842 2688 952 2768 gestae
979 2687 1062 2748 sunt.
1110 2683 1232 2747 bellum
1261 2683 1329 2766 ipse

154 2790 254 2840 unum
276 2767 376 2852 gessit
397 2766 695 2846 Marcomannicum,
718 2769 774 2831 sed
797 2773 953 2852 quantum
974 2768 1063 2832 nulla
1084 2769 1238 2832 memoria
1259 2768 1330 2844 fuit,

112 2868 145 2918 30
156 2854 235 2918 adeo
258 2857 294 2916 ut
316 2851 442 2916 Punicis
469 2852 657 2916 conferatur.
701 2875 777 2916 nam
804 2875 841 2917 eo
864 2854 993 2938 gratim
1016 2852 1219 2932 estfactum,
1246 2854 1331 2937 quod

153 2939 319 3004 universus
347 2937 504 3002 exercitus
527 2937 743 3002 Romanorum
769 2938 921 3021 perierat;
948 2939 1007 3002 sub
1029 2937 1089 3002 hoc
1117 2939 1201 3003 enim
1222 2941 1330 3002 tantus

156 3048 246 3090 casus
272 3022 474 3109 pestilentiae
500 3022 575 3101 fuit,
606 3027 643 3086 ut
668 3027 741 3106 post
767 3024 934 3088 victoriam
959 3023 1119 3088 Persicam
1144 3025 1266 3088 Romae
1293 3045 1330 3087 ac

101 3365 102 3370 Ἰ
225 3304 237 3350 1
259 3297 290 3350 hi
308 3297 361 3360 clu
380 3294 432 3348 iid
449 3297 492 3363 114
511 3311 576 3350 suos
594 3295 645 3346 dcl.
663 3295 710 3349 hd
722 3295 756 3363 cf.
776 3295 795 3345 d
813 3296 839 3345 ia
855 3298 943 3364 praes:
962 3297 998 3348 cd
1015 3297 1056 3349 ed.
1074 3297 1167 3348 maior.
1181 3312 1211 3362 p.
1224 3295 1300 3347 XIII
1309 3296 1319 3361 ΙΙ

38 3381 44 3461 Ἰ
155 3387 171 3434 6
190 3380 404 3450 quadringentis
423 3383 441 3434 d
459 3384 493 3450 of.
510 3381 538 3432 t¹
555 3395 582 3446 p.
602 3381 646 3442 38,
665 3397 687 3430 w
704 3380 829 3446 Philolop.
849 3374 884 3432 35
899 3395 927 3446 p.
939 3383 1010 3444 102;
1029 3378 1221 3450 quadraginta
1237 3379 1331 3447 I’Syl-

157 3466 222 3529 bora
239 3466 256 3517 t
273 3467 283 3533 ΙΙ
304 3474 332 3520 10
355 3464 505 3536 apoplexin
522 3481 537 3518 c
553 3466 570 3517 h
589 3467 608 3516 d
624 3467 658 3534 cf.
676 3465 831 3532 Hieronym.
849 3481 874 3516 a.
892 3467 979 3528 2185,
999 3460 1048 3519 Iul.
1071 3466 1181 3532 Capitol.
1205 3469 1249 3518 vit.
1268 3470 1329 3518 Ant.

41 3622 43 3624 ,
154 3553 223 3606 Phil.
236 3553 277 3612 14,
297 3553 323 3614 8,
347 3551 406 3604 Ver.
420 3553 444 3614 9,
464 3554 508 3615 11,
527 3552 620 3606 Aurei.
638 3549 702 3602 Vter.
721 3549 783 3616 epit.
802 3552 848 3612 163
867 3547 1047 3618 apoplexiam
1063 3549 1139 3602 Oros.
1159 3553 1187 3612 7,
1206 3552 1251 3612 15,
1271 3552 1296 3611 3,
1314 3553 1331 3602 d

43 3649 45 3651 ’
86 3672 88 3678 ,
153 3655 178 3704 p.
197 3637 263 3702 2011
280 3643 312 3691 23
335 3637 445 3690 sextum
466 3639 528 3688 unte
550 3635 773 3690 chaeronensem
790 3634 886 3687 addt
908 3637 942 3703 cf.
969 3636 984 3687 t
1001 3652 1027 3702 p.
1047 3636 1129 3702 84211
1147 3640 1179 3689 26
1206 3632 1329 3703 fastigio.

38 3747 39 3751 ¹
153 3719 343 3776 Liberalitatis
361 3718 591 3790 promptissimus
610 3721 721 3786 81120
739 3720 749 3787 ll
768 3725 798 3773 81
819 3719 967 3774 universus
987 3720 1128 3774 exercitus
1146 3735 1328 3773 romanorum

37 3851 42 3880 ,
152 3809 277 3878 perierat
294 3807 321 3861 F
336 3806 382 3876 (cst
403 3806 522 3860 ttdeete
539 3824 564 3877 p.
588 3806 653 3874 875)
672 3806 696 3857 P
711 3807 865 3873 Hieronym.
889 3822 913 3858 a.
931 3807 1015 3868 21933
1040 3803 1166 3859 universi
1184 3803 1327 3858 exercitus

157 3892 267 3949 romani
284 3892 430 3964 perierant
447 3893 463 3943 t
481 3893 507 3944 d.
1086 3934 1090 3940 ,

1128 3976 1159 4026 4*
