3050 4292
580 167 583 173 ’
617 199 834 255 EVTROPIVS.
861 199 894 254 x.
981 226 983 231 -

434 483 437 490 ’
542 493 700 566 araas
727 445 966 567 uncinus

251 631 311 696 His
341 633 441 713 igitur
471 628 661 694 abeuntibus
697 628 971 694 administratione
1005 629 1052 692 rei
1086 628 1232 712 publicae
1261 627 1372 694 Con-1

115 743 118 750 ’
167 719 303 785 stantius
334 721 367 780 et
395 715 538 780 Galerius
564 713 704 799 Augusti
736 714 835 777 creati
861 713 935 778 sunt
965 714 1146 796 divisusque
1175 713 1257 777 inter
1286 734 1340 776 eos

165 805 211 888 ita
226 803 390 868 Romanus
406 800 499 878 orbis
521 804 557 874 ut
572 799 691 864 Callias
706 797 833 863 ltaliam
847 797 990 865 Africam
1005 799 1220 874 Constantius,
1238 793 1341 880 [llyri-

83 939 86 946 .
134 912 148 957 5
168 912 240 954 cum
254 888 365 953 Asiam
381 886 543 952 Orientem
558 884 701 949 Celerius
724 885 892 961 obtineret,
913 886 1047 967 sumptis
1067 885 1190 948 duobus
1205 883 1343 948 Caesari·

167 975 235 1058 bus.
290 972 506 1040 Constantius
530 975 638 1035 tamen
675 975 841 1034 contentus
872 970 1026 1054 dignitate
1061 968 1203 1054 Augusti
1232 967 1381 1032 Italiaea

168 1063 265 1142 atque
274 1057 401 1122 Africae
419 1056 682 1121 administrandae
699 1054 944 1119 sollicitudinem
953 1055 1117 1132 remiserit,
1131 1054 1180 1117 vir
1195 1053 1343 1138 egregius

169 1147 200 1207 et
214 1142 503 1226 praestantissimae
519 1141 686 1218 civilitatis,
704 1141 824 1205 divitiis
839 1141 1081 1223 provincialium
1095 1161 1132 1203 ac
1146 1139 1344 1222 privatorum

169 1229 306 1307 studens,
327 1227 395 1291 fisci
416 1227 583 1291 commoda
595 1248 660 1290 non
676 1226 846 1289 admodum
861 1225 1024 1290 adfectans
1045 1226 1215 1309 dicensque
1229 1222 1344 1287 melius

129 1314 312 1398 lopublicas
343 1335 419 1396 opes
447 1335 473 1376 a
491 1312 624 1398 privatis
653 1309 766 1376 haberi
799 1331 895 1394 quarn
925 1312 1010 1376 intra
1039 1333 1139 1374 unum
1170 1309 1344 1372 claustrum

168 1399 331 1482 reservari,
353 1399 431 1462 adeo
455 1401 563 1462 autem
586 1397 690 1460 cultus
713 1397 841 1468 modici,
863 1401 901 1460 ut
921 1396 1011 1460 festis
1034 1395 1158 1472 diebus,
1185 1394 1213 1458 si
1235 1392 1343 1458 amicis

70 1521 73 1528 ·
168 1483 437 1566 numerosioribus
461 1487 543 1547 esset
558 1482 760 1566 epulandum,
782 1483 979 1565 privatorum
1001 1482 1030 1545 ei
1052 1484 1186 1565 argento
1202 1478 1343 1542 ostiatim

167 1569 268 1653 petito
290 1568 427 1633 triclinia
449 1571 671 1632 sternerentur.
714 1566 768 1630 hie
794 1589 858 1631 non
880 1567 976 1630 modo
998 1567 1144 1630 amabilis
1167 1565 1222 1628 sed
1245 1563 1371 1628 etiams

167 1654 354 1726 venerabilis
387 1653 486 1718 Callis
516 1652 590 1731 fuit,
620 1653 790 1736 praecipue
826 1652 912 1735 quod
942 1651 1133 1717 Diocletiani
1163 1653 1343 1731 suspectam

128 1739 369 1824 inprudentiam
406 1744 438 1803 et
468 1737 655 1802 Maximiani
691 1738 928 1823 sanguinariam
962 1737 1177 1802 temeritatem
1210 1735 1342 1818 imperio

168 1825 235 1889 eius
252 1829 425 1890 evaserant.
470 1822 596 1887 obiitin
611 1822 770 1886 Brittania
785 1823 922 1886 Eboraci
937 1822 1133 1906 principatus
1149 1843 1232 1885 anno
1247 1819 1355 1884 tertio>

169 1911 290 1974 decimo
314 1915 410 1992 atque
432 1910 515 1972 inter
538 1908 625 1972 diros
648 1908 768 1972 relatus
792 1913 848 1972 est.
1170 1938 1172 1941 ’

254 1994 408 2071 Celerina,
429 1995 478 2056 vir
500 1997 532 2057 et
554 1993 653 2075 probe
668 1997 812 2056 moratus
835 1998 867 2057 et
886 1994 1035 2077 egregius
1056 2016 1092 2056 re
1106 1991 1246 2069 militari,
1269 1997 1377 2054 cuma

167 2077 294 2144 Italiam
315 2100 444 2161 quoque
460 2078 582 2150 sinente
598 2077 783 2152 Constantio
799 2077 1063 2141 administrationi
1084 2099 1159 2140 suae
1178 2075 1342 2140 accessisse

41 2226 44 2232 .
126 2163 317 2241 ao'sentiret,
355 2162 505 2227 Caesares
542 2161 621 2225 duos
658 2162 777 2226 creavit
811 2163 1053 2241 Maximianum,
1089 2183 1186 2244 quem
1221 2159 1343 2225 Orienti

168 2248 333 2333 praefecit,
357 2252 389 2312 et
411 2246 577 2324 Severum,
605 2247 655 2311 cui
676 2244 805 2310 ltaliam
827 2247 919 2310 dedit.
962 2247 1030 2329 ipse
1052 2247 1087 2310 in
1108 2246 1235 2329 Illyrico
1258 2267 1343 2308 com-

167 2338 310 2398 moratus
333 2337 388 2397 est.
432 2355 544 2397 verum
559 2331 893 2396 Constantiomortuo
914 2331 1147 2413 Constantinus,
1170 2353 1214 2410 ex¹
1232 2331 1381 2394 obscur

168 2419 250 2484 riore
272 2419 475 2484 matrimonio
499 2417 688 2495 eiusfilius,
713 2417 748 2480 in
769 2416 929 2481 Brittania
951 2422 1075 2481 oreatus
1089 2420 1145 2488 ,est
1170 2416 1214 2480 im
1238 2421 1343 2481 arator

169 2509 201 2568 et
226 2505 260 2568 in
285 2506 391 2569 locum
417 2503 517 2588 patris
544 2503 802 2587 exoptatissimus
829 2502 1010 2566 moderator
1036 2503 1174 2566 accessit.
1272 2521 1343 2564 mae

127 2589 289 2652 aeinterea
315 2589 508 2673 praetoriani
536 2589 638 2653 excito
665 2589 806 2654 tumultu
836 2588 1046 2666 Maxentium,
1072 2586 1205 2652 Herculi
1233 2586 1381 2663 filiuma

170 2674 225 2756 qui
246 2672 333 2738 haud
353 2675 466 2757 procul
488 2673 528 2737 ab
551 2674 628 2738 urbe
650 2674 683 2736 in
705 2672 783 2738 villa
797 2673 925 2757 publica
946 2671 1139 2751 morabatur,
1160 2672 1345 2758 Augustum

169 2763 437 2840 nuncupaverunt.
490 2779 552 2840 quo
589 2759 700 2822 nuntio
731 2756 944 2822 Maximianus
974 2757 1145 2822 Herculius
1180 2759 1221 2822 ad
1256 2778 1348 2842 spem

171 2847 311 2907 arrectas
333 2843 514 2919 resumendi
534 2842 668 2926 fastigii,
696 2843 783 2925 quod
804 2844 922 2907 invitus
945 2845 1107 2922 amiserat,
1129 2843 1264 2908 Romam
1291 2844 1348 2906 ad·

168 2929 290 2993 volavit
313 2926 491 3005 eLuoania,
513 2948 607 3009 quam
632 2927 738 2993 sedem
759 2927 901 3011 privatus
916 2927 1058 3013 elegerat
1079 2929 1112 2992 in
1132 2929 1218 3014 agris
1240 2950 1347 2992 amoe-

128 3013 307 3078 sanissimis
337 3033 576 3089 consenescens,
607 3011 905 3097 Diocletianumque
932 3014 1028 3078 etiam
1057 3036 1115 3098 per
1141 3015 1264 3079 litteras
1292 3014 1345 3078 ad·

170 3097 315 3164 hortatus
331 3103 387 3176 est,
409 3102 445 3162 ut
461 3096 639 3182 depositam
652 3102 827 3165 resumeret
839 3103 1040 3182 potestatem,
1062 3122 1142 3183 quas
1160 3099 1216 3164 ille
1238 3099 1346 3163 irrisas

171 3181 290 3248 habuit.
339 3184 394 3248 sed
425 3184 593 3248 adversum
622 3187 746 3246 motum
775 3184 1049 3267 praetorianorum
1078 3189 1176 3268 atque
1202 3183 1384 3248 Maxentir

172 3265 304 3332 Severus
326 3268 442 3336 Caesar
472 3267 609 3333 Romam
638 3268 753 3332 missus
785 3293 804 3333 a
830 3268 956 3334 Galerio
987 3292 1059 3334 cum
1090 3271 1230 3335 exercitu
1253 3270 1347 3334 -venit

173 3351 380 3437 obsidensque
402 3354 515 3419 urbem
529 3354 668 3420 militum
690 3375 820 3418 suorum
835 3355 951 3420 scelere
971 3356 1112 3420 desertus
1136 3359 1191 3420 est.
1235 3360 1348 3420 auctae

241 3541 255 3589 2
274 3535 317 3590 his
336 3553 350 3588 c
367 3539 396 3602 u
413 3536 448 3592 iis
467 3541 486 3592 d
502 3540 511 3607 ΙΙ
529 3538 778 3595 administratione
798 3541 935 3610 ΛΡΜ.
948 3557 971 3591 rc
985 3557 1013 3608 p.
1031 3542 1090 3601 516,
1111 3541 1147 3595 ad
1165 3538 1344 3595 administra·
1377 3543 1380 3547 ’

171 3620 278 3674 tionem
296 3622 313 3672 Ιι
330 3622 340 3690 ΙΙ
360 3631 388 3676 11
411 3621 520 3678 feriatis
543 3625 585 3677 dt
603 3627 612 3693 ΙΙ
632 3633 662 3679 12
685 3625 712 3680 ei
735 3641 784 3680 om.
808 3626 940 3694 Atll20
964 3621 1034 3680 duos
1060 3626 1119 3679 Bc
1138 3642 1189 3678 sec.
1212 3643 1285 3678 uram
1310 3627 1348 3677 lo-

171 3708 267 3774 quendi
280 3707 388 3774 Eutrop.
402 3711 435 3777 cf.
455 3711 482 3779 8,
500 3711 546 3772 13;
565 3711 590 3774 8,
609 3713 656 3774 19;
674 3714 718 3774 10,
737 3714 766 3776 9;
785 3710 840 3766 duo
852 3714 899 3765 hd
914 3714 924 3780 fl
941 3711 1124 3765 maximinum
1141 3711 1310 3780 Verkeyclc,t
1324 3710 1334 3777 ΙΙ

172 3797 204 3845 25
226 3791 349 3846 excitato
372 3792 389 3844 t
410 3793 420 3860 u
437 3799 468 3847 31
491 3791 585 3863 irrisas
610 3797 635 3848 P
659 3799 692 3865 rfi
722 3796 1043 3862 tractassemus
1067 3812 1094 3863 p.
1119 3798 1186 3858 299,
1208 3799 1271 3861 dp.
1297 3796 1349 3857 183

169 3875 271 3932 inritas
294 3875 385 3930 cled.
