3050 4292
620 256 838 312 avraorrvs.
866 245 930 310 1ss
1316 260 1380 326 59⁴

262 430 341 496 Post
361 431 447 495 hunc
469 430 606 510 Probus,
631 429 679 494 vir
705 429 836 494 illustris
858 430 962 514 gloria
983 429 1126 508 militari,
1153 431 1194 494 ad
1221 431 1394 494 admisi-17

135 547 138 552 ·
177 517 364 582 strationem
386 517 432 580 rei
458 515 605 600 publicae
633 514 772 580 accessit.
817 514 936 579 GaHias
964 539 983 578 a
1009 514 1154 578 barbaris
1182 521 1353 599 occupatas

176 599 521 688 ingentiproelicrum
541 600 693 664 felicitate
715 601 866 679 restituit,
894 601 1048 683 quosdam
1072 601 1242 685 imperium
1263 624 1354 666 usur·

177 711 253 772 pare
278 691 421 764 conatos,
444 685 564 750 scilicet
586 683 794 750 Saturninum
818 685 853 748 in
874 684 1017 764 Oriente,
1039 684 1211 750 Proculum
1237 690 1270 750 ct
1290 686 1354 750 Bo·

142 787 291 838 rnosum
314 771 535 858 Agrippinae,
567 770 793 834 certaminibus
817 771 990 854 oppressit.
1041 770 1149 836 uineas
1180 771 1291 836 Gallos
1322 776 1387 837 eae

176 857 359 922 Pannonios
380 855 497 920 habere
519 856 670 940 permisit,
693 878 788 940 opere
810 855 941 920 militari
954 855 1083 920 Almam
1104 861 1246 922 montem
1268 856 1361 941 apud

77 952 84 962 ¹
176 943 327 1008 Sirmium
350 945 382 1006 ct
403 943 546 1006 Aureum
569 941 653 1025 apud
675 940 830 1005 Moesiam
852 942 1048 1024 superiorem
1069 942 1168 1006 vineis
1192 943 1352 1007 conseruit

177 1033 209 1092 et
223 1027 469 1112 provincialibus
484 1027 632 1092 colendos
643 1027 735 1092 dedit.
765 1025 816 1090 hic
832 1048 906 1090 cum
920 1026 1006 1090 bella
1020 1027 1185 1092 innumera
1195 1029 1351 1112 gessisset,
1370 1039 1385 1085 3

118 1129 120 1138 ’
175 1134 252 1197 pace
273 1116 386 1197 parata
409 1113 488 1182 dixit
501 1113 590 1177 brevi
605 1112 723 1176 milites
737 1113 931 1176 necessarios
953 1134 1017 1176 non
1032 1112 1165 1176 futuros.
1210 1113 1258 1176 vir
1280 1136 1354 1178 acer

135 1203 322 1264 instrenuus
357 1199 459 1269 iustus
496 1203 528 1262 et
564 1199 620 1281 qui
650 1196 860 1262 Aurelianum
898 1201 1049 1280 aequaret
1079 1198 1181 1282 gloria
1211 1197 1351 1273 militari,

175 1305 301 1348 morum
337 1287 443 1348 autem
479 1282 631 1348 civilitate
669 1287 842 1366 superaret.
894 1281 1079 1347 interfectus
1114 1287 1222 1347 tamen
1257 1281 1352 1346 Sirmi

174 1369 316 1433 tumultu
337 1369 469 1433 militari
490 1369 524 1432 in
545 1368 626 1432 turri
647 1367 774 1432 ferrata.

259 1452 338 1519 Post
363 1453 448 1518 hunc
473 1453 574 1519 Carus
602 1457 650 1517 est
676 1453 781 1516 faetus
807 1452 989 1538 Augustus,
1016 1449 1168 1517 Narbone
1194 1455 1289 1516 natus
1316 1453 1395 1514 inm
1515 1530 1516 1533 Ἴ

176 1539 285 1606 Gallia.
327 1540 355 1603 is
388 1539 555 1603 confestim
586 1537 735 1603 (larinum
766 1542 798 1602 et
823 1535 1055 1602 Numerianum
1085 1537 1168 1601 filios
1199 1535 1350 1600 Caesares

133 1624 258 1689 refecit.
304 1625 359 1688 sed
383 1625 459 1689 dum
479 1623 600 1688 bellum
626 1625 779 1688 adversus
802 1621 966 1687 Sarmatas
988 1622 1083 1709 gerit,
1105 1623 1252 1686 nuntiato
1274 1621 1351 1686 Per-

175 1733 282 1775 sarum
303 1711 445 1774 tumultu
468 1710 508 1774 ad
523 1708 686 1774 Orientem
707 1709 870 1792 profectus
892 1730 943 1772 res
966 1713 1075 1772 contra
1090 1707 1205 1772 Persas
1227 1707 1351 1771 nobiles

107 1795 110 1803 ⁴
173 1796 287 1878 gessit3
309 1795 396 1879 ipsos
417 1794 538 1879 proelio
561 1795 657 1873 fudit,
680 1793 807 1882 Cochen
829 1798 862 1858 et
876 1793 1122 1878 Ctesiphontem,
1144 1793 1238 1856 urbes
1261 1793 1351 1856 nobi·

173 1881 322 1959 lissimas,
345 1881 436 1964 cepit.
481 1885 513 1944 et
535 1902 607 1945 cum
623 1883 728 1944 castra
744 1901 840 1963 supra
854 1878 1017 1964 Tigridem
1035 1878 1176 1957 haberet,
1197 1879 1230 1942 vi
1253 1878 1351 1945 divini

173 1965 317 2030 fulminis
343 1966 445 2049 periit.
494 1964 711 2034 Numerianus
738 1986 865 2049 quoque
891 1965 976 2028 filius
1002 1965 1085 2042 eius,
1116 1985 1213 2049 quem
1240 1975 1383 2028 seeum?

129 2051 344 2116 aoansarem
366 2050 407 2114 ad
428 2050 543 2114 Persas
566 2051 713 2126 duxerat,
736 2051 923 2114 adulescens
946 2050 1096 2134 egregiae
1118 2049 1248 2126 indolis,
1276 2071 1349 2113 cum

176 2135 342 2201 oculorum
358 2135 465 2199 dolore
482 2139 645 2218 correptus
659 2135 693 2198 in
708 2135 857 2197 lecticula
873 2134 1049 2211 veheretur,
1064 2133 1238 2217 impulsore
1253 2132 1350 2217 Apro,

175 2221 233 2305 qui
263 2242 353 2284 socer
384 2220 451 2284 eius
484 2223 564 2298 erat,
594 2241 651 2303 per
680 2218 812 2283 insidias
843 2220 966 2283 occisus
998 2223 1052 2284 est.
1102 2223 1134 2283 et
1171 2240 1245 2282 eum
1277 2220 1350 2283 dolo

175 2305 391 2374 occultaretur
416 2306 517 2390 ipsius
547 2326 647 2382 mors,
678 2325 845 2388 quousque
871 2303 959 2388 Aper
983 2305 1131 2368 invadere
1157 2308 1266 2388 posset
1288 2304 1352 2367 im·
1395 2375 1397 2381 ¹

174 2393 310 2476 perium,
337 2390 457 2455 foetore
486 2391 646 2454 cadaveris
673 2389 801 2474 prodita
823 2394 885 2468 est3
915 2389 1034 2454 milites
1056 2383 1157 2468 enim,
1189 2390 1246 2475 qui
1277 2411 1349 2453 eum

131 2490 164 2537 25
175 2477 398 2561 sequebantur,
420 2481 533 2561 putore
550 2475 701 2540 commoti
721 2475 860 2540 diductis
881 2474 1048 2542 lecticulae
1070 2475 1175 2558 palliis
1196 2479 1270 2558 post
1293 2475 1350 2538 ali·

87 2589 92 2596 ’
176 2566 254 2645 quot
276 2561 343 2626 dies
365 2567 500 2627 mortem
523 2561 591 2626 eius
613 2565 724 2626 notam
744 2559 862 2625 habere
884 2564 1066 2645 potuerunt.

260 2645 385 2711 Interea
412 2647 558 2724 Carinus,
590 2669 685 2730 quem
712 2645 882 2711 Caesarem
911 2648 953 2711 ad
976 2645 1114 2710 Parthos
1145 2646 1392 2729 proficiscenslb
1456 2720 1457 2723 Ἴ

71 2786 77 2796 .
176 2731 276 2795 Carus
297 2731 331 2794 in
352 2731 478 2814 lllyrioo
502 2731 605 2796 Gallia
627 2732 721 2796 Italia
742 2732 930 2815 reliquerat,
950 2731 1099 2796 omnibus
1122 2753 1156 2794 se
1178 2729 1349 2795 sceleribus

175 2817 208 2880 in
230 2816 365 2880 uinavit:
378 2816 535 2899 plurimos
550 2816 695 2882 innoxios
710 2817 794 2880 fietis
810 2817 993 2880 criminibus
1009 2817 1132 2894 occidit,
1146 2816 1350 2880 matrimonia

130 2837 296 2966 auneilrilia
319 2903 467 2984 corrupit,
490 2901 714 2985 condiscipulis
737 2923 875 2984 quoque,
898 2902 1050 2984 quicum
1064 2902 1097 2965 in
1120 2901 1276 2966 auditorio
1298 2901 1351 2965 vel

173 2987 237 3052 levi
263 2985 451 3072 fatigatione
476 2990 674 3064 taxaverant,
700 2985 896 3069 perniciosus
922 2985 997 3063 fuis
1024 2987 1065 3050 ob
1093 3009 1176 3070 quae
1203 2986 1349 3051 omnibus

173 3071 355 3136 hominibus
377 3071 498 3139 invisus
513 3093 578 3136 non
592 3071 693 3136 multo
715 3075 790 3155 post
804 3093 923 3155 poenas
939 3072 1033 3136 dedit.
1077 3090 1152 3136 nam
1167 3073 1205 3136 de
1220 3072 1349 3136 Perside
1369 3083 1384 3129 2

173 3157 274 3222 victor
296 3157 452 3222 exercitus
466 3157 591 3222 rediens
607 3179 679 3221 cum
694 3155 811 3220 Carum
825 3155 1012 3242 Augustum
1025 3157 1166 3236 fulmine,
1181 3156 1350 3222 Numeria-

173 3264 250 3306 num
280 3241 447 3308 ansarcm
476 3242 600 3306 insidiis
630 3241 832 3325 perdidisset,
861 3241 1096 3311 Diocletianum
1125 3242 1350 3326 imperatorem

130 3339 164 3388 35
177 3329 302 3408 creavit,
324 3327 485 3396 Dalmatia
509 3328 684 3420 oriundum,
706 3327 811 3390 virum
832 3327 1055 3393 obscurissime
1070 3333 1190 3405 natum,
1212 3329 1291 3404 adeo
1313 3333 1351 3393 ut

247 3518 262 3566 5
281 3514 310 3565 et
326 3513 485 3582 pannonios
502 3514 554 3567 del.
574 3517 631 3581 dp.
650 3515 691 3578 19,
710 3517 738 3566 at
756 3515 790 3583 cf.
812 3508 963 3581 Hieronym.
982 3529 1007 3567 a.
1024 3514 1106 3574 2299,
1118 3515 1186 3568 aar.
1205 3513 1268 3567 Vict.
1288 3516 1350 3581 epit.

172 3598 219 3657 27,
237 3599 256 3648 3
277 3597 287 3665 ΙΙ
306 3603 336 3652 12
355 3597 507 3668 imperavit
525 3616 613 3654 annor
634 3615 695 3661 sex,
717 3613 831 3652 menses
850 3600 986 3667 quattuor
998 3603 1063 3667 post
1080 3599 1186 3653 ferrata
1203 3601 1263 3653 odd.
1281 3600 1297 3651 Ιι
1316 3601 1351 3666 ef.

172 3683 388 3751 4149831115
408 3700 470 3737 cum
494 3682 597 3752 quibus
620 3682 751 3754 regnavit
773 3683 855 3738 annis
879 3683 991 3738 duobus
1009 3689 1073 3751 port
1094 3683 1163 3738 fecit
1184 3686 1245 3737 add.
1272 3685 1338 3752 Clu

176 3775 205 3820 rr
226 3764 415 3821 nobilissimas
434 3768 494 3821 BP
507 3770 541 3838 cf.
555 3769 631 3823 Festi
647 3769 772 3834 brea24,
788 3769 941 3838 Hieronym.
954 3785 978 3822 a.
989 3770 1076 3831 2300,
1099 3769 1173 3822 Oros.
1186 3773 1211 3833 7,
1229 3771 1274 3835 24,
1293 3773 1317 3831 4,
1336 3772 1352 3825 d

167 3869 200 3920 p.
218 3854 262 3918 18,
281 3851 300 3906 d
317 3855 344 3905 ia
357 3855 450 3922 praefi
467 3855 502 3906 od
514 3856 554 3908 ed.
571 3855 663 3908 maior.
675 3870 702 3922 p.
714 3855 837 3923 XXVII,
855 3871 877 3906 ru
883 3871 914 3922 p.
926 3856 993 3918 5223
1012 3853 1175 3909 notissimas
1189 3857 1211 3906 Α
1227 3855 1273 3908 Cli
1284 3856 1303 3906 d
1314 3856 1352 3921 cf,

171 3938 200 3989 Ιι1
214 3954 244 4006 p.
264 3940 300 3991 39
316 3939 326 4006 ΙΙ
344 3945 375 3994 26
395 3939 512 4010 habere]
533 3940 629 3994 facere
648 3943 674 3994 <5¹
688 3941 798 4008 poss,
817 3943 876 4007 dp.
894 3941 941 3993 20.
