3050 4292
604 241 817 298 DVTROPIVS.
844 243 918 297 VIII.
1006 264 1008 267 ·
1168 299 1211 315 .,
1309 247 1352 310 49

170 421 338 486 aedificans
368 419 501 496 multa,¹
518 417 735 482 immunitates
766 417 948 482 civitatibus
979 418 1140 496 tribuens,
1159 417 1253 482 ’1111111
1285 439 1350 482 101

169 505 378 589 tranquillum
400 510 432 568 et
453 503 615 587 placidum
637 523 750 586 agens,
766 503 856 566 adeo
878 506 915 567 ut
937 503 1023 569 omni
1045 503 1113 567 eius
1135 507 1240 568 aetate
1262 527 1347 568 unus

170 595 298 657 senator
328 591 497 654 damnatus
528 588 570 652 sit
601 591 697 670 atque
727 587 754 650 is
781 591 890 652 tamen
916 610 974 670 per
1000 592 1147 652 senatum
1176 589 1347 675 ignorante

140 686 142 689 ’
170 677 315 742 Τ111110.
360 676 403 739 ob
422 673 501 738 haec
522 696 580 757 per
603 671 712 736 orbem
733 675 892 736 terrarum
914 673 973 738 deo
995 674 1158 757 proximus
1180 673 1261 738 nihil
1282 697 1348 738 non

136 777 151 824 5
169 760 381 826 venerationis
403 759 521 824 meruit
542 762 575 822 11
596 757 687 821 vivus
710 760 742 821 et
763 762 917 822 mortuus.

254 846 341 912 Inter
363 845 426 909 alia
454 843 538 908 dicta
564 842 625 908 hoo
650 841 749 925 ipsius
776 842 879 906 fertur
905 844 1078 929 egregium.
1123 845 1247 923 amicis,
1260 845 1379 910 enimb

169 931 379 1016 culpantibus,
402 930 488 1014 quod
509 929 644 993 nimium
664 927 747 992 cirea
770 948 880 992 omnes
902 928 1078 992 communis
1101 933 1195 1008 esset,
1216 953 1348 1015 respon·

171 1019 217 1082 dit
239 1016 336 1081 talem
358 1037 391 1080 se
412 1015 640 1098 imperatorem
666 1034 734 1076 esse
756 1012 901 1096 privatis,
924 1013 1052 1097 qualem
1074 1036 1140 1079 esse
1163 1014 1224 1079 sibi
1244 1015 1348 1101 impe·

170 1106 310 1166 ratorem
330 1100 474 1185 privatus
501 1102 651 1184 optasset.
695 1102 769 1180 post
795 1097 959 1183 ingentem
980 1099 1079 1184 igitur
1105 1099 1242 1182 gloriam
1267 1101 1345 1165 belli
1366 1115 1381 1162 a

132 1186 319 1270 rodomique
346 1185 524 1270 quaesitam
550 1207 566 1249 e
590 1182 719 1248 Perside
746 1183 871 1247 rediens
898 1184 984 1267 apud
1006 1181 1184 1249 Seleuciam
1204 1183 1347 1250 Isauriae

170 1271 324 1355 profluvio
347 1271 466 1336 ventris
486 1270 659 1335 exstinctus
683 1272 739 1333 est.
784 1268 864 1333 obiit
886 1273 992 1333 autem
1015 1269 1129 1333 aetatis
1152 1292 1236 1334 anno
1259 1292 1350 1335 sexa·

171 1357 312 1442 gensimo
334 1356 442 1434 tertio,
468 1365 575 1420 111111Ι
596 1376 695 1432 1011,
723 1353 773 1418 die
796 1359 923 1438 quarte,
949 1354 1076 1438 imperii
1102 1376 1185 1423 nono
1213 1355 1348 1433 decimo,

171 1464 277 1518 mense
301 1445 399 1520 sexto,
422 1441 472 1507 die
494 1441 606 1527 quinto
630 1439 759 1504 decimo.
803 1439 886 1502 inter
908 1439 996 1504 divos
1018 1439 1139 1504 relatus
1161 1444 1217 1506 est.
1261 1440 1349 1506 solus

171 1523 313 1592 omnium
334 1528 418 1592 intra
439 1527 551 1591 urbem
573 1525 716 1608 sepultus
732 1528 794 1602 est;
816 1547 890 1588 ossa
911 1525 1028 1589 collata?
1041 1525 1076 1589 in
1090 1547 1205 1590 urnam
1220 1546 1352 1600 auream

129 1613 204 1676 1111
225 1613 305 1691 foro,
327 1613 413 1696 quod
427 1611 612 1690 aedificavit,
627 1610 685 1674 sub
706 1609 855 1675 columna
866 1609 973 1695 posita
995 1614 1077 1688 sunt,
1100 1611 1190 1676 cuius
1213 1611 1351 1677 altitudo

172 1703 295 1760 CXLHII
315 1698 410 1781 pedes
431 1696 537 1762 habet.
581 1696 676 1760 huius
703 1699 831 1759 tantum
856 1696 1028 1759 memoriae
1056 1695 1199 1760 delatum
1224 1699 1286 1775 est,
1313 1701 1384 1760 uta

170 1806 270 1867 usque
294 1783 334 1847 ad
354 1787 497 1847 nostram
523 1786 662 1847 aetatem
686 1803 751 1844 non
773 1780 866 1845 aliter
888 1780 922 1843 in
947 1784 1059 1844 senatu
1073 1781 1276 1881 principibus
1299 1804 1350 1846 ao·

58 1884 60 1892 ’
171 1869 337 1946 clametur,
363 1868 425 1932 nisi
448 1855 584 1932 ‘felicior
610 1866 771 1952 Augusto,
797 1865 911 1930 melior
936 1864 1093 1931 Traiano.
1138 1868 1218 1931 adeo
1245 1867 1280 1931 in
1307 1889 1345 1931 eo

192 1954 274 2018 loria
295 1953 448 2017 bonitatis
463 1952 610 2032 obtinuit,
632 1957 668 2017 ut
690 1951 740 2016 vel
762 1950 1002 2016 adsentantibus
1024 1951 1075 2015 vel
1090 1973 1164 2016 vere
1186 1951 1347 2017 laudanti-

128 1977 230 2102 10111
252 2038 451 2103 occasionem
472 2037 778 2122 magnificentissimi
798 2039 940 2122 praestet
962 2036 1106 2119 exempli.
1364 2103 1366 2107 ,

257 2121 416 2186 Defuncto
443 2121 581 2186 Traiano
607 2120 717 2185 Aelius
744 2120 926 2186 Hadrianus
957 2125 1082 2185 creatus
1112 2125 1160 2186 est
1189 2123 1382 2206 princepali

171 2209 238 2273 sine
267 2206 375 2290 aliqua
401 2206 530 2291 quidem
556 2206 720 2270 voluntate
747 2205 889 2284 Traiani,
916 2207 972 2270 sed
999 2228 1129 2289 operam
1156 2207 1350 2272 11111Ρ10-

171 2294 255 2375 tina,
274 2291 404 2357 Traiani
425 2313 536 2369 uxore3
558 2311 634 2356 nam
656 2290 905 2355 111Τ1111111
927 2313 1122 2375 quamquam
1144 2293 1351 2357 consobrinae

170 2402 246 2444 suae
268 2377 371 2442 filium
392 2379 483 2442 vivus
508 2377 654 2442 noluerat
682 2376 843 2461 adoptare.
887 2380 980 2440 natus
1006 2380 1040 2439 et
1065 2377 1134 2460 ipse
1155 2375 1287 2442 Italicae
1314 2379 1357 2442 in-

4 2441 27 2534 '¹
128 2477 161 2525 11
171 2463 335 2562 Hispania.
383 2463 439 2548 qui
466 2461 594 2527 Traiani
619 2461 739 2548 gloriae
771 2461 915 2525 invidens
941 2461 1052 2525 statim
1076 2462 1256 2546 provincias
1281 2467 1384 2528 11111
1428 2485 1432 2490 ’

170 2549 312 2634 rehquit,
340 2570 419 2632 quas
446 2547 602 2613 Traianus
629 2547 805 2625 addiderat,
832 2545 929 2610 etde
955 2545 1089 2631 Assyria
1115 2546 1349 2632 Mesopotamia

170 2633 323 2698 Armenia
343 2633 505 2698 revocavit
520 2633 675 2698 exercitus
698 2653 735 2696 ac
751 2633 849 2696 finem
861 2631 988 2716 imperii
1002 2654 1069 2697 esse
1085 2633 1187 2698 voluit
1200 2633 1350 2718 Euphra·

171 2724 233 2782 ten.
281 2718 368 2782 idem
398 2719 436 2782 de
466 2718 567 2782 Dacia
596 2716 700 2781 facere
732 2721 883 2781 conatum
913 2717 1007 2781 amici
1037 2719 1272 2798 deterruerunt,
1309 2741 1350 2784 ne

173 2803 267 2868 multi
288 2803 372 2867 cives
391 2803 528 2867 Romani
548 2802 692 2866 barbaris
715 2803 926 2880 traderentur,
946 2807 1117 2886 propterea
1139 2804 1217 2888 quia
1237 2804 1349 2870 Traia·

129 2903 162 2951 30
172 2911 231 2953 nus
253 2888 338 2952 victa
360 2888 460 2952 Dacia
482 2908 522 2950 ex
542 2890 611 2950 toto
634 2886 710 2950 orbe
724 2887 871 2950 Romano
893 2887 1034 2951 infinitas
1057 2911 1094 2953 eo
1117 2891 1224 2973 copias
1245 2889 1349 2955 homi·

171 2996 249 3038 num
270 2972 478 3039 transtulerat
504 2972 544 3036 ad
571 2992 665 3056 agros
691 2975 723 3034 et
744 2971 840 3035 urbes
862 2970 1024 3049 colendam
1045 2973 1147 3038 Dacia
1174 2974 1260 3041 enim
1280 2977 1351 3041 diu·
1377 2995 1384 3005 ·

172 3064 267 3124 turno
289 3057 374 3122 bello
397 3056 543 3121 Decibali
563 3055 638 3120 viris
660 3055 766 3121 fuerat
788 3057 951 3121 exhausta.

242 3336 258 3384 8
285 3324 350 3386 οἷον
376 3326 487 3398 ἰδιώτης
515 3319 552 3384 ἄν
578 3347 620 3392 τις
643 3317 757 3393 εὔξαιτο
781 3322 835 3384 τὸν
860 3325 984 3400 βασιλέα
1012 3331 1079 3401 περὶ
1107 3325 1197 3388 αὑτὸν
1217 3326 1292 3388 εἶναι
1318 3337 1352 3399 P;

174 3413 288 3482 qualem
301 3413 355 3468 sibi
367 3414 565 3482 imperatorem
577 3411 704 3481 privatus
718 3413 849 3480 optasset
861 3413 925 3466 laid.
944 3414 1034 3468 chron.
1047 3415 1087 3468 ed.
1103 3416 1184 3470 Reae.
1196 3417 1231 3468 II
1233 3434 1264 3485 p.
1278 3420 1349 3483 4423
1409 3428 1411 3431 ’

171 3497 285 3567 qualem
302 3539 309 3552 .
328 3537 335 3552 .
354 3537 360 3551 .
378 3499 579 3567 imperatorem
596 3497 694 3563 scripsi
712 3499 745 3566 cs.
765 3514 787 3547 m
805 3513 831 3564 p.
849 3499 917 3561 5303
941 3498 1042 3567 quales
1060 3515 1124 3555 esse
1150 3500 1206 3556 sibi
1223 3503 1347 3572 impera·

174 3588 250 3640 tores
269 3583 458 3654 (imperatoris
479 3583 545 3652 ΟΒ)
564 3582 691 3652 privatus
711 3581 849 3650 (privatos
868 3584 904 3652 B)
924 3585 1054 3652 optasset
1071 3601 1086 3638 c
1104 3587 1120 3638 t
1138 3588 1157 3637 d
1176 3589 1187 3656 fl
1209 3595 1242 3643 16
1263 3592 1293 3643 et
1313 3590 1350 3643 de

174 3668 284 3738 assyria
295 3667 502 3738 mesopotamia
514 3664 760 3738 (mesopotamiam
776 3668 807 3735 G)
826 3667 954 3724 armenia
969 3669 1138 3738 (armeniam
1152 3671 1184 3740 G)
1201 3675 1353 3728 revocavit

171 3757 191 3806 d
218 3757 252 3824 cf.
279 3751 432 3822 Hieronym.
461 3768 485 3805 1.
513 3754 597 3817 2136;
623 3749 654 3806 id
681 3754 725 3807 est
752 3750 892 3821 assyriam
921 3754 1157 3824 mesopotamiam
1184 3756 1350 3813 armeniam.

174 3839 329 3894 Revocavit
350 3838 367 3889 1
385 3841 419 3907 ef.
442 3837 469 3889 t¹
492 3854 518 3905 p.
541 3839 590 3900 38,
613 3837 679 3905 3911
702 3842 732 3891 29
757 3836 848 3908 multi]
872 3838 957 3893 inulti
977 3856 1054 3908 prop.
1077 3836 1198 3893 Eussner
1220 3842 1351 3911 Philoloq.

176 3931 243 3980 Ana.
262 3927 280 3976 4
296 3941 322 3992 p.
339 3926 395 3977 252
413 3925 447 3993 es.
465 3924 493 3974 t¹
507 3940 536 4009 p.
556 3924 592 3975 86
612 3924 622 3990 l
644 3930 675 3978 32
695 3919 816 3976 decibali
834 3939 849 3976 c
866 3924 890 3988 b,
910 3923 1038 3980 decebali
1056 3929 1081 3980 d.

227 4010 363 4066 Eutropius.
1148 4021 1165 4066 4
