3050 4292
197 216 240 278 26
642 210 856 266 EVTROPIVS.
886 212 945 266 llll.

197 389 311 449 contra
326 384 639 468 Pseudophilippum
660 383 777 448 missus
799 389 848 449 est
870 389 903 449 et
924 389 1002 444 XXV
1023 385 1153 450 milibus
1177 387 1245 450 eius
1268 388 1380 453 occisis

198 469 420 534 Macedoniam
433 471 562 554 recepit,
584 470 689 554 ipsum
704 470 801 534 etiam
815 468 1121 555 Pseudophilippum
1139 471 1170 534 in
1187 476 1380 555 potestatem

199 577 289 619 suam
311 555 444 638 redegit.
632 569 634 574 '
858 558 860 563 ’

157 655 193 712 14
285 639 455 704 Corinthiis
478 660 606 723 quoque
629 638 928 709 bellumindictum
955 647 1014 720 est,
1041 641 1257 707 nobilissimae
1280 642 1377 707 Grae-

198 727 264 791 ciae
281 725 410 798 civitati,
425 729 557 809 propter
570 725 720 790 iniuriam
734 726 917 811 legatorum
924 726 1150 792 Romanorum.
1181 727 1377 792 hancMum·
1397 750 1412 794 5

161 812 279 879 amius
302 811 413 874 consul
435 811 519 894 cepit
541 815 574 876 et
589 810 692 875 diruit.
729 815 794 874 tres
809 811 910 896 igitur
923 811 1045 877 Romae
1065 813 1161 878 simul
1182 813 1378 878 celeberrimi

197 895 350 980 triumphi
372 895 513 960 fuerunt:
539 894 685 960 Africani
706 918 745 960 ex
766 894 884 976 Africa,
907 901 980 961 ante
1003 899 1093 962 cuius
1113 920 1241 963 currum
1262 899 1378 964 ductus

198 985 247 1046 est
260 980 451 1062 Hasdrubal,
464 979 588 1047 Metelli
603 1003 642 1046 ex
655 979 850 1060 Macedonia,
874 983 965 1046 cuius
984 1005 1112 1047 currum
1121 984 1297 1134 praecessit
1311 983 1378 1049 An-

197 1067 318 1132 driscus
339 1069 424 1134 idem
446 1068 502 1151 qui
524 1072 556 1131 et
577 1065 804 1152 Pseudophilip
827 1091 879 1145 us,
902 1066 1038 1132 Mummi
1060 1091 1099 1134 ex
1147 1069 1282 1149 orintho,
1304 1076 1378 1134 ante
1507 1086 1520 1104 '

196 1173 293 1237 quem
314 1155 406 1238 signa
428 1161 526 1216 aenea'
538 1155 580 1216 et
601 1152 705 1236 pictae
727 1153 783 1216 tab
819 1175 857 1216 ae
879 1157 911 1216 et
933 1152 997 1217 alia
1010 1153 1098 1217 urbis
1114 1154 1307 1220 clarissimae
1324 1173 1420 1222 or-10

196 1242 345 1303 namenta
366 1237 511 1322 praelata
534 1240 615 1301 sunt.

156 1335 191 1394 15
280 1322 401 1387 lterum
415 1323 449 1386 in
463 1321 651 1386 Macedonia
666 1320 909 1406 Pseudoperses,
931 1323 987 1406 qui
1008 1345 1041 1388 se
1055 1322 1164 1388 Persei
1184 1323 1287 1388 filium
1309 1347 1376 1390 esse

197 1406 330 1489 dicebat,
353 1407 492 1472 collectis
508 1407 643 1471 servitiis
658 1408 834 1486 rebellavit,
857 1412 889 1472 et
911 1431 993 1473 cum-
1006 1409 1141 1475 sedecim
1162 1409 1251 1473 milia
1273 1432 1376 1474 arma·

198 1496 305 1556 torum
327 1491 470 1574 haberet,
492 1515 511 1556 a
533 1491 704 1556 Tremellio
727 1497 895 1576 quaestore
918 1498 1085 1578 superatus
1108 1499 1165 1559 est.

150 1592 191 1652 16
281 1576 405 1642 Eodem
430 1583 574 1662 tempore
596 1576 745 1642 Metellus
772 1578 806 1642 in
829 1576 999 1644 Celtiberia
1026 1581 1113 1665 apud
1137 1578 1297 1661 H'npanos
1323 1598 1417 1646 res15

158 1663 341 1747 aegregios
369 1663 474 1748 gessit.
523 1663 675 1726 successit
701 1663 730 1726 ei
752 1661 787 1739 Q.
810 1662 990 1747 Pompeius.
1038 1687 1096 1729 nec
1122 1664 1223 1728 multo
1246 1668 1317 1747 post
1340 1663 1374 1740 Q.

196 1769 322 1830 quoque
346 1747 462 1832 Caepio
490 1748 530 1812 ad
555 1748 641 1812 idem
662 1747 783 1812 bellum
805 1748 919 1813 missus
942 1754 1004 1828 est,
1031 1750 1116 1833 quod
1137 1749 1270 1834 quidam
1291 1747 1375 1814 Viri-

195 1835 266 1896 atus
289 1837 400 1897 contra
422 1832 584 1898 Romanos
605 1833 640 1898 in
662 1833 825 1899 Lusitania
847 1834 988 1919 gerebat.
1032 1854 1096 1918 quo
1118 1839 1207 1898 metu
1228 1832 1373 1899 Viriatus

195 1942 213 1981 a
240 1919 305 1982 suis
332 1919 519 1983 interfectus
548 1922 607 1998 est,
635 1939 708 1983 cum
736 1919 991 2002 quattuordecim
1012 1919 1103 1983 annis
1124 1917 1297 2004 Hispanias
1320 1920 1373 1984 ad-

193 2024 303 2067 versus
318 2002 651 2068 Romanos'movisset.
694 2009 804 2087 pastor
818 2005 920 2088 primo
935 2005 1006 2084 fuit,
1027 2027 1103 2069 mox
1124 2004 1284 2069 latronum
1300 2005 1372 2083 dux,
1383 2022 1417 2069 ao

193 2094 353 2172 postremo
368 2092 475 2154 tantos
491 2089 532 2153 ad
546 2089 667 2154 bellum
680 2089 817 2173 populos
836 2090 1015 2169 concitavit,
1036 2094 1074 2155 ut
1097 2091 1241 2157 adsertor
1263 2095 1374 2155 contra

157 2194 176 2242 3
194 2173 356 2239 Romanos
378 2173 553 2258 Hispaniae
574 2179 751 2258 putaretur.
802 2180 835 2239 et
857 2197 930 2239 cum
951 2176 1170 2240 interfectores
1193 2176 1260 2238 eius
1282 2198 1373 2259 prae·

193 2259 293 2323 mium
309 2283 328 2323 a
343 2259 502 2343 Caepione
517 2259 646 2324 consule
663 2264 819 2344 peterent,
840 2283 1026 2344 responsum
1049 2266 1098 2325 est
1118 2281 1293 2342 numquam
1308 2259 1373 2324 Ro-

193 2345 295 2408 manis
317 2344 472 2427 placuisse
494 2345 719 2429 imperatorem
742 2369 761 2409 a
783 2345 848 2408 suis
870 2345 1024 2410 militibus
1045 2345 1188 2409 interfici.

150 2444 188 2502 17
280 2427 314 2505 Q.
338 2429 508 2514 Pompeius
535 2430 648 2494 deinde
676 2429 787 2494 consul
808 2453 827 2492 a
848 2429 1068 2510 Numantinis,
1096 2451 1177 2512 quae
1199 2428 1373 2512 Hispaniae
1383 2446 1416 2494 25

194 2515 330 2578 civitatis
361 2514 424 2578 fuit
456 2514 713 2598 opulentissima,
745 2520 912 2598 superatus
944 2537 1056 2599 pacem
1084 2514 1259 2600 ignobilem
1288 2514 1372 2579 fecit.

194 2604 266 2682 post
297 2621 371 2664 eum
398 2598 430 2664 O.
452 2599 609 2664 Hostilius
639 2597 807 2666 Mancinus
838 2600 950 2664 consul
979 2601 1097 2664 iterum
1126 2622 1200 2664 cum
1228 2597 1374 2663 Numan-

194 2685 269 2749 tinis
290 2707 403 2768 pacem
424 2685 500 2749 fecit
521 2685 685 2766 infamem,
714 2706 811 2767 quam
831 2686 970 2769 populus
993 2690 1026 2751 et
1051 2689 1181 2750 senatus
1207 2685 1300 2749 iussit
1325 2685 1374 2749 in-

193 2771 293 2854 fringi
319 2775 414 2854 atque
441 2770 546 2854 ipsum
567 2769 753 2834 Mancinum
779 2769 925 2835 hostibus
947 2772 1044 2850 tradi,
1072 2775 1109 2836 ut
1135 2772 1170 2834 in
1190 2770 1255 2849 illo,
1278 2793 1374 2854 quem

194 2860 358 2920 auctorem
378 2856 515 2921 foederis
528 2854 699 2936 habebant,
721 2855 872 2920 iniuriam
893 2856 990 2921 soluti
1011 2856 1149 2921 foederis
1170 2856 1372 2920 vindicarent
1382 2872 1415 2919 30

157 2964 175 3011 a
193 2944 267 3024 post
288 2946 412 3006 tantam
432 2942 532 3027 igitur
554 2941 777 3026 ignominiam,
804 2963 868 3024 qua
890 2965 909 3005 a
931 2939 1138 3006 Numantinis
1165 2941 1215 3004 bis
1235 2939 1373 3003 Romani

194 3027 349 3090 exercitus
371 3027 498 3090 fuerant
520 3025 697 3112 subiugati,
724 3025 758 3090 P.
782 3025 887 3110 Scipio
909 3025 1079 3092 Africanus
1102 3026 1238 3092 secundo
1261 3023 1373 3088 consul

192 3112 296 3185 factus
312 3115 344 3176 et
359 3112 399 3176 ad
413 3109 623 3176 Numantiam
637 3111 752 3176 missus
768 3115 824 3176 est.
860 3113 888 3175 is
905 3110 1045 3196 primum
1065 3112 1200 3176 militem
1220 3110 1373 3174 vitiosum

193 3201 225 3259 et
246 3197 398 3280 ignavum
425 3197 597 3261 exercendo
624 3197 727 3281 magis
755 3219 854 3280 quam
878 3197 1039 3281 puniendo
1067 3199 1134 3262 sine
1157 3196 1264 3279 aliqua
1287 3217 1373 3260 acer·

192 3282 292 3346 bitate
324 3285 474 3364 correxit,
504 3287 573 3346 turn
603 3281 721 3346 multas
752 3281 926 3366 Hispaniae
958 3283 1102 3348 civitates
1131 3281 1250 3366 partim
1280 3282 1371 3365 cepit,
1382 3300 1415 3347 35

193 3367 311 3450 partim
337 3368 370 3431 in
398 3367 588 3432 deditionem
616 3369 750 3451 accepit,
778 3372 939 3452 postremo
962 3369 1064 3452 ipsam
1086 3365 1297 3431 Numantiam
1320 3366 1372 3431 diu

265 3644 277 3689 1
299 3653 333 3690 ex
351 3635 490 3690 militibus
511 3639 569 3691 eins
588 3645 651 3690 carate
665 3636 767 3692 occisis
782 3639 841 3691 incl.
854 3638 885 3697 la·
904 3655 938 3692 ex
956 3637 1094 3691 militibus
1107 3655 1156 3694 one.
1174 3641 1239 3705 def.
1255 3636 1373 3690 hilderic

193 3736 220 3784 p.
239 3722 296 3772 878
317 3723 327 3788 ΙΙ
349 3729 365 3775 4
388 3725 448 3776 tum
467 3729 528 3776 ante
545 3723 684 3776 indictum
705 3725 785 3775 laser.
806 3728 866 3790 dp.
883 3726 923 3775 20
944 3725 954 3792 ΙΙ
977 3731 1007 3777 12
1026 3723 1252 3793 pseudoperseus
1270 3723 1288 3774 Ιι
1309 3724 1318 3789 ΙΙ
1341 3728 1370 3774 17

196 3809 221 3855 et
239 3810 271 3858 23
288 3804 386 3874 caepio
406 3809 487 3867 chaa-
506 3807 595 3876 scipio
618 3810 713 3862 Graeci
732 3814 767 3879 cs.
786 3811 814 3861 l¹
827 3827 858 3878 p.
875 3812 921 3874 22,
940 3811 973 3864 H.
986 3811 1077 3877 Haupt
1094 3809 1185 3863 Fleclr.
1203 3808 1294 3862 Jahrb.
1314 3809 1371 3867 119,

194 3904 219 3953 p.
243 3891 305 3942 104.
