3050 4292
594 206 807 262 nvnaoeivs.
836 207 882 270 yn
1308 213 1351 275 33

171 383 248 445 vicit
270 385 301 444 et
323 405 422 465 usque
446 381 485 445 ad
506 380 690 445 Danuvium
711 383 890 464 penetravit
904 380 1164 465 triumphumque
1179 383 1297 446 meruit
1318 385 1353 446 et

172 468 255 530 intra
277 467 448 530 triennium
470 467 555 531 bello
577 465 673 530 finem
695 467 789 532 dedit.
1306 482 1308 485 ’

153 559 159 572 ’
258 551 309 616 Ad
332 551 474 616 Ciliciam
497 557 528 616 et
551 551 774 634 Pamphyliam
795 553 909 616 missus
933 557 981 616 est
1002 551 1036 615 P.
1053 550 1204 615 Servilius
1223 575 1263 616 ex
1278 558 1384 616 con-3

173 637 248 714 sule,
270 637 318 700 vir
344 642 498 700 strenuus.
547 636 689 700 Ciliciam
719 638 859 723 subegit,
890 639 1003 721 Lyciae
1034 637 1129 701 urbes
1160 637 1351 702 clarissimas

139 726 457 872 ulutatu
475 721 1353 893 “illulididia*illalerdlipldaglitilte'

174 894 257 956 intra
279 893 451 956 triennium
472 892 557 957 bello
579 893 674 957 finem
698 894 791 958 dedit.
823 897 946 978 primus
969 893 1112 957 omnium
1133 892 1351 957 Romanorum

173 980 207 1040 in
237 978 342 1041 Tauro
372 978 433 1042 iter
462 978 545 1042 fecit.
598 984 757 1044 revertens
794 979 991 1064 triumphum
1021 979 1143 1062 accepit
1174 981 1206 1041 et
1236 1000 1354 1043 nomen

174 1061 306 1126 Isaurici
328 1063 451 1127 meruit.
1243 1108 1246 1112 -

136 1160 165 1206 ιο
261 1146 311 1212 Ad
333 1147 495 1232 Illyricum
516 1149 629 1213 missus
653 1155 700 1214 est
722 1149 753 1213 C.
777 1149 947 1214 Cosconius
969 1170 1026 1233 pro
1050 1149 1186 1213 consule.
1217 1148 1384 1212 multaml

174 1237 298 1317 partem
327 1232 507 1298 Dalmatiae
543 1235 682 1320 subegit,
714 1233 846 1299 Salonas
877 1235 961 1319 cepit
990 1238 1023 1298 et
1058 1233 1234 1317 composito
1268 1234 1355 1298 bello

175 1319 310 1382 Romam
332 1324 404 1402 post
426 1319 589 1384 biennium
611 1321 711 1384 rediit.
1334 1376 1337 1380 ,

261 1403 364 1467 Isdem
379 1405 575 1487 temporibus
591 1406 700 1470 consul
714 1404 757 1470 M.
772 1404 928 1470 Aemilius
942 1405 1087 1489 Lepidae,
1102 1403 1205 1468 Catuli
1222 1403 1387 1488 collegat

176 1490 265 1552 civile
296 1489 416 1553 bellum
446 1490 547 1554 voluit
578 1513 789 1568 commovere,
818 1493 904 1556 intra
933 1513 1030 1555 unam
1060 1495 1168 1554 tamen
1199 1493 1356 1553 aestatem

135 1585 165 1634 15
175 1579 279 1638 motus
303 1576 369 1639 eius
393 1597 560 1658 oppressus
584 1581 638 1640 est.
664 1577 710 1640 ita
733 1599 796 1640 uno
811 1583 953 1661 tempore
972 1576 1067 1640 multi
1081 1575 1175 1639 simul
1198 1573 1354 1657 triumphi
1373 1589 1388 1634 a

174 1661 316 1737 fuerunt,
346 1659 469 1724 Metelli
500 1683 539 1724 ex
569 1661 738 1744 Hispania,
769 1662 905 1747 Pompei
935 1661 1091 1726 secundus
1122 1683 1161 1724 ex
1186 1659 1354 1744 Hispania,

176 1745 320 1810 Curionis
343 1768 381 1808 ex
404 1745 599 1824 Macedonia,
622 1747 734 1812 Servili
757 1771 797 1812 ex
818 1748 946 1812 Isauria.

261 1830 356 1894 Anno
370 1831 470 1895 *urbis
502 1833 647 1896 conditae
679 1833 901 1897 sescentesimo
924 1831 1180 1916 septuagensimo
1207 1833 1297 1894 sexto
1319 1829 1388 1894 ht

176 1915 296 1982 Licinio
319 1915 451 1979 Lucullo
474 1921 506 1980 et
520 1916 567 1980 M.
578 1917 708 1983 Aurelio
724 1917 818 1983 Cotta
840 1918 1021 1982 consulibus
1035 1921 1181 1980 mortuus
1197 1919 1244 1979 est
1259 1913 1357 1979 Nico-

134 2001 295 2077 comedes,
322 2023 378 2063 rex
400 1997 581 2084 Bithyniae,
608 2009 639 2066 et
666 2026 722 2086 per
747 2007 974 2067 testamentum
999 2003 1153 2085 populum
1175 1999 1357 2064 Romanum

177 2085 253 2148 fecit
275 2085 430 2148 heredem.
460 2085 660 2151 Mithridates
683 2110 759 2170 pace
781 2093 877 2171 rupta
891 2087 1076 2172 Bithyniam
1099 2092 1131 2151 et
1152 2086 1263 2150 Asiam
1285 2108 1355 2148 rnr-

178 2192 230 2234 sus
251 2170 354 2234 voluit
375 2170 530 2235 invadere.
575 2172 723 2236 adversus
746 2195 820 2236 eum
842 2174 935 2237 ambo
959 2171 1103 2236 consules
1124 2171 1214 2235 missi
1235 2171 1391 2234 variama

176 2255 316 2320 habuere
338 2255 507 2320 fortunam.
552 2255 646 2322 Cotta
668 2258 753 2340 apud
775 2257 1009 2322 Chalcedonam
1030 2257 1132 2322 victus
1156 2255 1197 2320 ab
1220 2277 1257 2320 eo
1281 2255 1357 2332 acie,

29 2392 32 2398 .
178 2342 274 2404 etiam
296 2341 380 2405 intra
402 2342 553 2426 oppidum
576 2348 703 2407 coactus
726 2348 775 2407 est
797 2349 829 2408 et
851 2344 1005 2407 obsessus.
1050 2342 1105 2406 sed
1128 2364 1200 2406 cum
1227 2364 1260 2406 se
1282 2341 1390 2404 indes

135 2439 167 2488 25
177 2424 377 2490 Mithridates
400 2426 549 2511 Cyzicum
571 2429 793 2506 transtulisset,
814 2433 851 2494 ut
873 2429 986 2512 Cyzico
1007 2431 1101 2512 capta
1121 2432 1225 2492 totam
1245 2425 1358 2490 Asiam

177 2511 348 2590 invaderet,
370 2512 521 2579 Lucullus
544 2514 573 2578 ei
595 2515 676 2578 alter
697 2514 808 2580 consul
831 2515 974 2579 occurrit
1005 2535 1042 2578 ac
1064 2514 1139 2577 dum
1154 2512 1357 2577 Mithridates

178 2597 212 2659 in
234 2597 396 2661 obsidione
419 2598 523 2682 Cyzici
546 2604 767 2684 commoratur,
788 2601 857 2683 ipse
880 2622 953 2664 eum
975 2605 1102 2683 atergo
1117 2599 1242 2662 obsedit
1256 2597 1356 2662 fame·

179 2703 240 2764 que
256 2685 451 2766 consumpsit
466 2689 498 2748 et
512 2685 622 2748 multis
637 2685 767 2768 proeliis
781 2686 865 2763 vicit,
879 2690 1039 2769 postremo
1055 2685 1254 2768 Byzantium,
1274 2705 1357 2767 quae

179 2788 263 2830 nunc
279 2766 568 2851 Constantinopolis
591 2775 646 2850 est,
667 2771 800 2854 fugavit.
841 2771 948 2834 navali
969 2792 1096 2855 quoque
1118 2770 1239 2853 proelio
1262 2769 1358 2834 duces

136 2853 247 2917 ateius
269 2850 419 2916 Lucullus
443 2855 608 2937 oppressit.
644 2855 691 2918 ita
712 2878 777 2918 una
798 2855 901 2919 hieme
924 2860 956 2919 et
977 2860 1096 2920 aestate
1119 2878 1138 2918 a
1160 2854 1294 2919 Lucullo
1316 2854 1357 2917 ad

179 2942 307 3003 centum
330 2937 394 3001 fere
417 2939 504 3002 milia
525 2939 610 3024 regis
634 2940 790 3004 exstincta
811 2944 898 3004 sunt..

263 3022 358 3088 Auno
381 3023 468 3088 urbis
482 3023 603 3088 Romae
619 3027 841 3090 sescentesimo
854 3025 1111 3110 septuagensimo
1128 3029 1239 3090 octavo
1248 3023 1391 3089 Mace-7

177 3108 307 3172 doniam
337 3109 534 3192 provinciam
564 3109 607 3174 M.
637 3109 776 3176 Licinius
802 3111 953 3176 Lucullus
979 3111 1115 3195 accepit,
1146 3110 1357 3175 consobrinus

249 3293 305 3347 ais
328 3299 389 3347 ante
412 3292 535 3347 ciliciam
557 3298 617 3348 add.
641 3296 700 3357 BG,
724 3297 783 3348 incl.
802 3296 831 3356 t,
854 3311 902 3348 om.
925 3296 1003 3363 (1115
1026 3293 1176 3349 faselidam
1201 3295 1256 3346 ΑΟ
1276 3296 1312 3364 cf.
1336 3311 1359 3345 a·

177 3395 205 3446 p.
224 3381 290 3442 386,
314 3379 620 3449 390;pl1aselidaaa
639 3383 648 3449 ΙΙ
671 3397 802 3449 corycum
819 3379 938 3435 ciliciae.
957 3382 1069 3434 Isauros
1086 3381 1303 3433 distinxeruntt
1328 3381 1358 3440 113

179 3462 289 3518 cilicias
308 3466 357 3518 dei.
377 3467 459 3532 Iaapa
476 3468 508 3518 da
530 3467 636 3520 Ciliciae
657 3467 831 3519 Romanorum
851 3469 1004 3534 prouinciae
1021 3468 1124 3533 cripina
1143 3481 1174 3517 ac
1189 3466 1353 3532 primordiis

64 3612 66 3621 .
175 3565 205 3618 p.
224 3551 261 3601 32
279 3551 338 3602 adu.
357 3553 403 3611 61,
425 3557 450 3607 δ’
470 3553 537 3616 648;
557 3568 695 3621 corycum.
715 3551 833 3607 Ciliciae
851 3553 961 3606 isauros
979 3554 1110 3619 dictisque
1128 3552 1164 3618 cf.
1183 3551 1258 3603 ntor.
1275 3552 1300 3613 1,
1320 3551 1359 3601 40

62 3660 66 3682 ι
176 3635 318 3704 phaselida
336 3641 361 3687 et
378 3638 498 3704 olympou
521 3640 614 3689 avertit
632 3635 788 3705 isaurosqu'e
806 3640 890 3705 ipsam
912 3653 1001 3690 arcem
1019 3638 1137 3696 ciliciae,
1158 3636 1211 3688 liv.
1236 3639 1299 3700 epit.
1319 3636 1357 3685 93

178 3722 304 3773 servilius
317 3723 463 3787 proconsul
480 3725 506 3774 iu
527 3724 614 3775 cilicia
636 3725 741 3774 isauros
763 3724 862 3775 domuit
880 3728 906 3776 at
924 3724 1022 3789 aliquot
1039 3721 1118 3774 urbas
1134 3722 1287 3787 piratarum
1306 3735 1355 3770 aa·

175 3808 304 3875 pupnavit
329 3807 338 3874 l
366 3813 380 3860 6
408 3805 551 3862 dicionem
575 3809 628 3862 AB
648 3811 676 3872 d;
705 3807 877 3863 deditionem
909 3808 965 3862 Cia
991 3809 1001 3875 l
1028 3813 1059 3860 23
1088 3805 1291 3860 chalcedonam
1324 3803 1357 3863 F,

72 3957 78 3967 ¹
179 3892 363 3950 calcedonam
384 3893 404 3944 G
424 3894 458 3961 cs.
477 3909 498 3943 a
514 3911 540 3961 p.
558 3897 622 3958 3913
641 3893 816 3948 chalcedona
833 3894 850 3945 t
867 3896 894 3947 a.

232 3979 367 4034 Eutropius.
1156 3967 1171 4011 3
