3050 4292
166 164 208 226 40
608 157 824 213 EVTROPIVS.
853 160 911 212 VH.

165 333 273 398 tonius
295 333 415 396 scelera
437 333 637 396 committens
666 355 684 395 a
711 336 823 395 senatu
849 331 949 396 hostis
976 330 1133 396 iudicatus
1157 330 1211 397 est.
1255 335 1345 398 missi

167 418 208 482 ad
230 439 303 482 eum
324 418 577 500 persequendum
604 417 666 480 duo
694 418 838 481 consules
860 417 965 481 Pansa
992 423 1024 481 et
1045 418 1168 481 Hirtius
1195 425 1228 483 et
1250 419 1343 484 Octa·

167 504 280 567 vianus
303 502 488 567 adulescens
510 524 610 566 annos
633 507 657 560 X
677 508 709 567 et
733 509 797 560 VlIl
822 508 929 582 natus,
952 503 1094 567 Caesaris
1116 526 1225 586 nepos,
1249 527 1345 588 quem

166 589 220 653 ille
243 591 433 652 testamento
448 587 596 652 heredem
610 588 783 673 reliquerat
806 594 837 653 et
858 611 973 652 nomeu
989 611 1081 652 suum
1102 589 1185 652 ferre
1200 589 1343 654 iusserat.

55 669 57 680 ’
168 673 220 737 hic
244 678 303 750 est,
331 672 386 756 qui
408 677 519 756 postea
540 672 708 758 Augustus
732 680 780 739 est
802 675 903 738 dictus
930 678 962 738 et
984 697 1090 738 rerum
1115 675 1243 757 potitus.
1288 675 1343 758 qui
1367 697 1383 744 5

167 759 304 843 profecti
320 763 430 822 contra
444 757 621 822 Antonium
636 764 700 824 tres
716 761 810 824 duces
825 760 970 822 vicerunt
985 782 1065 823 eum.
1110 760 1214 823 evenit
1228 766 1343 838 tamen,

166 849 204 908 ut
225 844 360 908 victores
383 844 529 908 consules
552 845 646 908 ambo
662 850 869 910 morerentur.
915 866 1011 927 quare
1032 849 1097 909 tres
1112 845 1267 909 exercitus
1281 845 1344 930 uni

167 929 295 994 Caesari
316 928 464 1014 Augusto
487 935 668 1012 paruerunt
963 982 965 986 ,

137 1011 153 1068 2
255 1013 400 1098 Fugatus
430 1013 589 1079 Antonius
621 1016 735 1078 amisso
768 1015 907 1078 exercitu
938 1015 1098 1099 confugit
1113 1017 1154 1079 ad
1184 1016 1344 1099 Lepidum,

167 1101 223 1184 qui
250 1100 392 1165 Caesaris
418 1101 570 1185 magister
602 1101 746 1183 equitum
777 1099 882 1164 suerat
912 1105 945 1163 et
975 1105 1045 1163 tum
1070 1101 1209 1164 militum
1238 1102 1388 1185 eopiasro

166 1186 304 1272 grandes
319 1184 476 1248 habebat.
526 1208 544 1248 a
576 1207 639 1268 quo
664 1187 830 1268 ¹susceptus
858 1191 913 1249 est.
961 1206 1036 1248 mox
1062 1184 1181 1268 Lepido
1213 1207 1343 1268 operam

169 1273 264 1335 dante
293 1270 407 1334 Caesar
437 1292 549 1354 pacem
576 1292 648 1334 cum
673 1269 813 1335 Antonio
840 1271 916 1334 fecit
942 1275 974 1334 et
1002 1272 1094 1354 quasi
1124 1270 1343 1335 vindicaturus

165 1356 266 1440 patris
296 1355 346 1418 sui
375 1359 526 1434 mortem,
555 1379 574 1419 a
601 1365 664 1439 quo
690 1378 747 1439 per
774 1360 999 1420 testamentum
1029 1356 1135 1421 fuerat
1164 1357 1343 1439 adoptatus,

166 1441 304 1506 Romam
326 1462 396 1505 cum
420 1440 558 1506 exercitu
580 1441 740 1524 profectus
763 1441 902 1517 extorsit,
925 1446 962 1504 ut
984 1441 1045 1505 sibi
1066 1442 1237 1505 vicensimo
1260 1463 1343 1504 anno

134 1526 353 1590 sconsulatus
381 1527 515 1590 daretur.
561 1531 706 1590 senatum
732 1527 928 1610 proscripsit,
955 1549 1028 1590 eum
1054 1525 1195 1590 Antonio
1224 1548 1260 1588 ac
1286 1524 1388 1588 Ire-15
1466 1557 1478 1570 „

65 1653 66 1656 =
166 1612 333 1696 pido'rem
354 1612 515 1694 pubficam
542 1611 638 1674 armis
665 1617 774 1676 tenere
797 1613 909 1694 coepit.
953 1633 1011 1695 per
1036 1611 1095 1674 hos
1118 1611 1214 1674 etiam
1237 1611 1345 1674 Cicero

173 1701 282 1761 orator
304 1697 426 1761 occisus
449 1700 497 1760 est
517 1696 674 1780 multique
698 1697 752 1760 alii
773 1697 902 1763 nobiles.
1302 1696 1305 1702 ’

141 1793 160 1849 3
259 1779 384 1854 Interea
419 1782 538 1846 Brutus
570 1786 601 1849 et
630 1781 769 1861 Cassius,
799 1781 1018 1846 interfectores
1047 1780 1204 1858 Caesaris,
1234 1781 1347 1865 ingens

171 1867 293 1931 bellum
323 1871 498 1931 moverunt.
551 1871 642 1938 erant
674 1868 756 1931 enim
786 1889 843 1950 per
873 1865 1091 1930 Macedoniam
1123 1870 1155 1930 et
1185 1865 1348 1930 Orientem

170 1951 266 2016 multi
288 1953 456 2030 exercitae,
483 1973 564 2035 quos
592 1958 832 2034 occupaverant.
875 1951 1011 2035 profecti
1031 1953 1132 2036 igitur
1157 1956 1268 2015 contra
1294 1963 1390 2014 eosro

175 2037 291 2101 Caesar
313 2035 504 2102 Octavianus
526 2036 693 2122 Augustus
721 2043 752 2102 et
778 2036 821 2102 M.
843 2036 1003 2101 Antonius
1031 2036 1239 2119 (remanserat
1264 2037 1349 2100 enim

172 2124 215 2187 ad
246 2122 475 2187 defendendam
502 2121 628 2186 Italia-m
653 2122 801 2206 Lepidus)
834 2123 919 2206 apud
939 2122 1117 2205 Phiiippos,
1143 2121 1348 2185 Macedoniae

56 2260 58 2263 .
139 2229 153 2273 2
172 2208 300 2286 urbem,
328 2212 438 2272 contra
466 2229 521 2272 eos
543 2212 775 2292 pugnaverunt.
818 2209 920 2292 primo
943 2207 1063 2292 proelio
1085 2208 1161 2271 victi
1187 2211 1261 2270 sunt
1283 2205 1348 2268 An·

173 2293 282 2358 tonius
306 2297 337 2357 et
359 2293 487 2370 Caesar,
514 2293 608 2376 periit
630 2297 737 2357 tamen
761 2296 825 2357 dux
852 2293 1026 2357 nobilitatis
1050 2291 1189 2370 Cassius,
1211 2291 1348 2354 seeundo

169 2378 307 2456 Brutum
331 2383 363 2441 et
383 2379 541 2441 infinitam
555 2377 764 2456 nobilitatem,
786 2400 868 2461 quae
890 2401 962 2442 cum
975 2377 1038 2440 inis
1060 2376 1179 2441 bellum
1197 2379 1348 2461 gesserat,
1357 2387 1390 2434 rs

137 2463 289 2532 evictam
310 2463 544 2528 interfecerunt.
589 2486 625 2526 ac
648 2465 693 2528 sic
714 2464 798 2527 inter
819 2485 872 2526 eos
893 2463 991 2527 divisa
1014 2468 1062 2526 est
1082 2484 1133 2526 res
1154 2461 1289 2545 publica,
1311 2465 1349 2524 ut

172 2549 341 2634 Augustus
371 2548 542 2632 Hispanias
573 2547 693 2613 Gallias
723 2548 850 2613 Italiam
880 2552 1020 2623 teneret,
1050 2546 1207 2611 Antonius
1237 2547 1348 2610 Asiam

134 2633 311 2702 4Pontum
342 2631 512 2698 Orientem.
561 2634 615 2698 sed
645 2635 679 2697 in
710 2633 804 2698 Italia
833 2633 866 2697 L.
896 2632 1057 2704 Antonius
1088 2633 1199 2696 consul
1228 2631 1348 2696 bellum

169 2719 260 2783 civile
285 2720 462 2798 commovit,
484 2719 584 2782 frater
606 2719 681 2797 eius,
703 2719 760 2802 qui
782 2741 853 2783 cum
876 2718 1008 2782 Caesare
1031 2722 1142 2782 contra
1156 2718 1294 2781 Brutum
1316 2721 1348 2780 et

172 2803 317 2868 Cassium
332 2804 545 2868 dimicaverat.
567 2805 595 2867 is
615 2804 700 2888 apud
714 2803 888 2881 Perusiam,
907 2804 1039 2868 Tusciae
1062 2804 1232 2879 civitatem,
1245 2804 1347 2866 victus
1358 2814 1390 2861 so

171 2895 204 2954 et
227 2912 263 2954 ca
286 2895 338 2954 tus
361 2893 409 2953 est
430 2911 533 2973 neque
557 2890 686 2954 occisus.

173 3017 177 3020 >
255 2913 428 3040 Citerima
450 2973 520 3039 Sex.
535 2973 696 3058 Pompeio,
719 2975 774 3039 Cn.
789 2973 921 3059 Pompei
942 2973 1017 3052 fflio,
1038 2974 1152 3057 ingens
1172 2972 1293 3037 bellum
1313 2971 1348 3034 in

134 3083 136 3087 ·
173 3059 281 3126 Sicilia
308 3063 503 3124 commotum
529 3063 589 3138 est,
615 3059 665 3124 his
693 3061 749 3144 qui
776 3060 999 3143 superfuerant
1025 3081 1063 3123 ex
1088 3057 1233 3142 partibus
1255 3056 1348 3120 Bruti

173 3145 326 3230 Cassique
342 3146 383 3210 ad
396 3168 469 3210 eum
482 3144 724 3210 confluentibus
754 3144 909 3209 bellatum
923 3167 980 3228 per
990 3144 1156 3208 Caesarem
1164 3142 1348 3227 Augustum

170 3229 382 3296 Octavianum
405 3236 437 3296 et
457 3230 500 3295 M.
520 3229 696 3295 Antonium
718 3232 869 3295 adversus
891 3229 961 3294 Sex.
976 3229 1164 3312 Pompeium
1186 3231 1241 3292 est.
1285 3238 1391 3310 pares

169 3320 331 3398 postremo
354 3317 508 3380 convenit.

116 3415 158 3484 Ιξ)
255 3401 305 3465 Eo
327 3405 470 3484 tempore
492 3400 535 3465 M.
557 3400 703 3486 Agrippa
727 3401 762 3464 in
784 3400 959 3484 Aquitania
979 3423 1048 3464 rem
1068 3421 1219 3484 prospere
1241 3397 1348 3483 gessit

241 3592 256 3639 2
281 3585 447 3640 octavianus
465 3586 491 3638 B
513 3587 605 3642 CPd
622 3603 651 3654 p.
675 3589 724 3650 183
748 3586 876 3640 octavius
895 3589 917 3638 Α
936 3587 954 3637 Ι]
971 3587 990 3637 d
1010 3589 1020 3650 ΙΙ
1042 3593 1097 3639 tx
1115 3587 1229 3638 etVIIII
1251 3585 1347 3650 respic.

172 3668 311 3724 Schrader
323 3668 413 3722 Flecte.
426 3671 517 3723 Jahrb.
531 3673 582 3724 117
598 3687 625 3738 p.
637 3673 693 3723 218
713 3673 723 3738 ΙΙ
746 3678 760 3725 5
780 3669 828 3739 qui
847 3672 913 3724 coni.
928 3670 1185 3724 serranianus.
1203 3671 1241 3722 29
1253 3686 1283 3737 p.
1296 3670 1350 3720 639

170 3757 206 3818 rs.
224 3755 252 3806 d¹
273 3771 301 3822 p.
320 3757 366 3818 41;
391 3770 476 3821 quare
499 3758 561 3819 cd,
586 3758 646 3810 incl.
668 3759 683 3809 Ι]
702 3763 748 3809 unt
771 3759 868 3824 auspic.
891 3756 921 3809 hi
944 3757 1031 3824 igitur
1052 3759 1062 3824 ΙΙ
1083 3763 1116 3810 20
1139 3756 1350 3825 occupaverant

174 3839 197 3889 B
220 3840 285 3903 ela
304 3844 518 3908 occupaverunt
537 3843 558 3892 A
578 3843 603 3893 d.

1506 273 1518 354 t
