3050 4292
175 151 196 218 8
628 143 851 200 rvrsorrvs
877 145 913 200 11.

173 324 257 386 tates
271 324 339 384 tam
353 318 475 384 vicinae
490 318 564 384 urbi
579 321 662 397 sunt,
675 237 719 382 bt
733 316 872 383 Fidenae
881 323 986 396 sexto,
1008 317 1081 383 Veii
1100 323 1214 385 octavo
1230 318 1353 384 decimo

173 405 310 471 miliario
337 404 450 470 absint.
495 403 727 469 coniunxerunt
754 425 788 468 se
813 403 865 468 his
891 407 924 468 et
949 403 1068 468 Vulsci.
1113 405 1169 469 sed
1189 403 1351 469 Mamerco

55 535 57 540 .
172 490 310 556 Aemilio
342 490 497 555 dictatore
528 493 561 554 et
586 487 620 554 L.
648 487 779 566 Quintio
806 487 995 554 Cincinnato
1024 489 1180 574 magistro
1208 489 1352 572 equitum

173 577 250 642 victi
271 576 368 641 etiam
389 597 499 660 regem
520 574 736 659 perdiderunt.
779 572 921 639 Fidenae
944 578 1056 659 captae
1078 577 1111 639 et
1132 575 1266 665 geisae.

130 667 172 728 20
257 660 339 726 Post
359 659 475 746 viginti
497 659 609 725 deinde
625 681 725 724 annos
740 659 912 724 Veientani
929 655 1386 726 rebellaverunt‘dictatoro

173 751 284 812 contra
305 745 392 830 ipsos
413 745 528 810 missus
551 747 599 809 est
620 743 736 809 Furius
758 742 924 823 Camillus,
941 745 1007 828 'qui
1033 745 1173 829 primum
1202 767 1255 811 eos
1276 745 1353 810 vic't

173 833 248 911 acie,
262 853 338 896 mox
352 831 449 896 etiam
463 831 626 895 civitatem
641 829 696 894 diu
711 830 858 896 obsidens
873 852 908 894 ce
930 830 957 893 it
971 831 1227 914 antiquissimam
1239 829 1352 895 Italiae

173 921 270 1002 atque
297 917 493 982 ditissimam
536 918 610 1000 post
636 937 707 980 eam
734 915 819 999 cepit
840 919 873 980 et
921 914 1049 994 aliseos,
1075 938 1141 981 non
1162 917 1269 981 minus
1295 937 1352 980 no·

171 1003 270 1068 bilem
301 1002 471 1068 civitatem.
519 1002 575 1066 sed
601 1005 760 1066 commota
787 1006 836 1066 est
863 1001 893 1065 ei
917 999 1051 1078 invidia,
1082 1001 1175 1085 quasi
1200 1002 1353 1085 praedam

171 1089 254 1153 male
276 1087 447 1165 divisisset,
469 1087 701 1170 damnatusque
729 1085 770 1150 ob
797 1108 868 1150 eam
890 1107 1018 1150 causam
1040 1089 1074 1149 et
1099 1085 1250 1169 expulsus
1276 1085 1395 1152 ciri-10

137 1177 248 1239 atate.
296 1173 405 1239 statim
431 1171 515 1237 Calli
541 1169 681 1236 Senones
712 1171 753 1234 ad
779 1171 893 1235 urbem
918 1174 1075 1236 venerunt
1100 1175 1134 1236 et
1158 1170 1260 1235 victos
1287 1170 1353 1236 Ro·

171 1281 282 1324 manos
308 1257 476 1323 undecimo
506 1255 644 1321 miliario
672 1278 691 1320 a
717 1255 823 1321 Roma
848 1257 934 1340 apud
959 1256 1079 1320 flumen
1103 1255 1224 1320 Alliam
1251 1255 1351 1320 secuti

172 1347 268 1409 etiam
294 1345 408 1409 urbem
436 1347 680 1425 occupaverunt.
723 1363 828 1426 neque
855 1341 982 1407 defendi
1008 1341 1182 1426 quicquam
1208 1339 1352 1406 81808.-

171 1429 320 1514 pitolium
341 1428 461 1512 potuit;
484 1428 573 1511 quod
593 1448 666 1490 oum
688 1426 743 1491 diu
761 1427 959 1492 obsedissent
980 1431 1013 1492 et
1033 1427 1100 1491 iam
1114 1426 1253 1492 Romani
1267 1426 1351 1491 fame

171 1516 368 1592 laborarent,
400 1537 418 1578 8
445 1511 587 1591 Camilla,
618 1512 674 1596 qui
704 1513 739 1577 in
768 1512 874 1576 vicina
904 1512 1031 1576 civitate
1053 1511 1230 1591 exsulabat,
1253 1511 1352 1578 Callis
1362 1530 1393 1579 15
1514 1503 1516 1557 3

138 1604 398 1684 usuperventum
421 1601 470 1663 est
532 1597 743 1683 avissimeque
764 1598 841 1662 victi
867 1601 950 1662 sunt
992 1600 1104 1680 postea
1126 1601 1234 1661 tamen
1256 1598 1353 1662 etiam

172 1689 302 1769 accepto
326 1706 412 1782 auro,
434 1705 474 1781 pe
497 1683 685 1782 ¹apitolium
707 1682 898 1761 obsiderent,
918 1687 1124 1781 recesserrmt,
1145 1682 1201 1746 sed
1224 1686 1352 1746 secutus

172 1767 1352 1939 {lbittfltialadildltuidifflgdutbdbdmiafditl

171 1940 371 2025 triumphans
393 1939 506 2004 urbem
519 1939 682 2024 ingressus
706 1942 754 2004 est
776 1944 809 2004 et
830 1938 1010 2024 appellatus
1024 1939 1181 2005 secundus
1195 1937 1394 2006 Romulusro

173 2026 264 2110 quasi
287 2025 410 2108 etipse
431 2024 555 2110 patriae
578 2024 732 2090 conditor.

502 2379 993 2479 ,uranusuovuuvs
1360 2386 1393 2436 2⁵

141 2551 156 2608 1
255 2534 350 2600 Anno
381 2535 603 2600 trecentesimo
634 2533 856 2620 sexagensimo
887 2533 1000 2618 quinto
1032 2533 1073 2598 ab
1103 2534 1184 2597 urbe
1215 2533 1351 2613 condita,

193 2626 243 2686 ost
265 2625 392 2705 captam
414 2625 522 2685 autem
543 2619 655 2705 primo,
678 2619 852 2704 dignitates
873 2623 1017 2683 mutatae
1040 2621 1116 2682 sunt
1138 2622 1171 2683 et
1191 2640 1250 2702 pro
1273 2619 1351 2685 duo·

169 2644 231 2771 bus
254 2705 438 2771 consulibus
463 2705 540 2770 facti
562 2704 684 2770 tribuni
709 2703 863 2769 militares
885 2703 1044 2768 consulari
1065 2707 1233 2788 potestate.
1276 2703 1352 2768 hinc

169 2791 234 2856 iam
256 2792 361 2875 coepit
383 2790 528 2856 Romana
554 2813 606 2856 res
634 2800 781 2855 crescere.
823 2812 899 2855 nam
921 2789 1072 2854 Camillus
1099 2811 1136 2854 eo
1164 2811 1247 2854 anuo
1269 2786 1392 2861 Vol-ro

170 2899 296 2942 suorum
324 2876 493 2955 civitatem,
520 2899 602 2961 quae
628 2897 686 2960 per
708 2875 912 2960 septuaginta
934 2897 1034 2940 annos
1055 2875 1177 2940 bellurn
1198 2878 1350 2959 gesserat,

169 2964 245 3028 vicit
267 2967 300 3027 et
313 2961 503 3046 Aequorum
524 2963 637 3026 urbem
660 2964 691 3026 et
713 2959 916 3026 Sutrinorum
936 2983 1054 3046 easque
1069 2960 1218 3026 omnibus
1241 2960 1352 3025 deletis

171 3048 344 3113 earundem
367 3047 558 3113 exercitibus
581 3047 748 3131 occupavit
770 3050 803 3111 et
822 3052 889 3110 tres
912 3045 1007 3110 simul
1027 3044 1207 3130 triumphos
1229 3045 1304 3130 egit.

237 3233 372 3288 5deinde
396 3249 444 3287 om.
461 3233 518 3286 Ao
534 3233 544 3300 l
567 3242 580 3288 7
600 3231 649 3286 diu
667 3231 717 3284 del.
737 3235 763 3287 d¹
781 3247 812 3298 p.
831 3233 891 3295 641,
911 3235 928 3287 8
940 3248 971 3299 p,
995 3233 1033 3282 18
1054 3231 1064 3298 fl
1083 3238 1113 3284 11
1135 3227 1253 3284 civitate
1272 3231 1351 3284 esth
1386 3252 1389 3282 ε

171 3319 182 3388 lt
209 3325 240 3374 15
267 3319 430 3374 laborarent
456 3319 575 3390 accepto
603 3333 671 3372 auro
698 3333 734 3370 ne
758 3315 926 3386 capitolium
953 3315 1130 3384 obsiderent,
1163 3292 1351 3369 recesseiunt.

168 3403 224 3458 Sed
243 3420 261 3457 8
278 3404 391 3458 camillo
405 3419 486 3472 prop.
505 3404 578 3458 aaut
592 3404 687 3458 Rheia.
706 3402 774 3456 Mur.
792 3405 866 3470 2912.
885 3403 964 3470 ⁶39l
983 3409 1013 3456 11
1034 3404 1154 3471 accepto
1182 3398 1270 3454 etiarn
1282 3417 1351 3455 auro

166 3489 260 3556 81118
282 3488 360 3543 bisc
381 3489 409 3552 Ιι;
431 3488 467 3542 iis
490 3491 508 3541 d
524 3489 533 3558 l
551 3495 584 3544 30
605 3491 796 3550 romana'res
816 3487 900 3540 BOP
919 3488 937 3538 t
959 3489 989 3552 d;
1011 3488 1133 3542 romald
1171 3486 1207 3555 cf.
1231 3486 1352 3540 ludente

164 3590 191 3641 p.
220 3575 276 3627 877
296 3575 305 3642 ΙΙ
328 3581 359 3628 82
387 3573 559 3629 sutrinorum
585 3576 673 3643 atquc
700 3572 831 3628 omnibus
860 3572 962 3643 deletis
990 3573 1153 3628 earundem
1181 3570 1351 3628 exercitibus

167 3658 316 3729 occupavit
335 3663 365 3715 et
381 3676 409 3724 c;
428 3675 532 3727 easque
551 3660 663 3728 888888
683 3661 770 3727 atque
792 3675 840 3713 om.
861 3659 982 3722 Dietrct3
1002 3656 1155 3729 occupavit
1172 3660 1353 3725 1888888888

167 3743 339 3798 sutrinorum
358 3749 384 3796 et
401 3748 431 3799 et
444 3760 493 3798 om.
511 3746 528 3796 t
547 3749 583 3814 cf.
601 3741 627 3796 t'
641 3759 670 3812 p.
684 3747 726 3807 47,
747 3744 821 3798 Rom
834 3761 862 3812 p.
881 3746 943 3812 639,
961 3744 976 3795 t
984 3759 1013 3812 p.
1032 3746 1094 3808 841,
1113 3745 1182 3807 8423
1201 3739 1353 3811 occupavit

167 3830 197 3881 et
214 3843 260 3880 om.
280 3831 309 3892 d;
326 3845 378 3896 pro
397 3829 550 3899 occupavit
567 3834 596 3885 et
609 3845 724 3898 pronon.
743 3833 760 3885 d
780 3845 809 3898 p.
828 3832 863 3882 19
881 3829 1036 3900 occupatis.
1315 3815 1317 3819 ¹
1469 3828 1472 3833 ⁴
