3050 4292
219 189 259 259 0ss
547 235 549 239 .
671 186 890 242 nuraorrvs.
923 186 958 240 x.

179 378 196 424 4
216 359 385 446 Magnenti
407 361 529 426 occisus
553 364 614 438 est,
652 361 733 425 obiit
754 361 841 425 haud
862 361 960 446 longe
983 360 1023 424 ab
1038 361 1204 444 Hispaniis
1226 364 1260 427 in
1283 370 1400 444 castro,

214 447 265 526 cui
292 446 435 528 Helenae
461 468 577 510 nomen
605 450 664 524 est,
692 467 775 510 anno
802 447 928 530 imperii
954 447 1089 529 septimo
1117 447 1253 525 decimo,
1279 453 1399 515 aetatis

204 533 408 614 tricensimo,
427 532 523 596 rebus
545 536 652 596 tamen
671 532 817 615 plurimis
839 536 968 597 strenue
990 533 1024 595 in
1045 532 1161 597 militia
1183 535 1283 618 gestis
1306 557 1397 600 exer-

214 618 354 700 cituique
376 639 434 700 per
456 639 549 685 omne
571 617 656 681 vitae
678 621 805 700 tempus
820 618 888 692 sine
911 618 1002 704 gravi
1024 618 1211 684 erudelitate
1233 621 1396 686 terribilis.

171 708 210 769 10
299 703 433 767 Diversa
463 701 628 766 Constanti
658 702 788 766 fortuna
818 703 889 767 fuit.
939 727 957 766 a
983 702 1089 767 Persis
1119 704 1205 768 enim
1230 705 1332 771 multa
1359 711 1430 769 ets

214 788 325 874 gravia
356 810 524 871 perpessus
553 809 652 872 ,saepe
681 788 792 871 captis
814 788 941 872 oppidis
969 788 1106 853 obsessis
1133 791 1268 855 urbibus
1295 791 1396 854 caesis

214 873 418 952 exercitibus,
446 873 634 958 nullumque
658 873 687 936 ei
710 877 821 938 contra
843 872 998 956 Saporem
1023 896 1212 958 prosperum
1238 876 1396 959 proelium

213 957 288 1036 fuit,
315 959 378 1022 nisi
401 959 487 1041 quod
510 959 594 1042 apud
616 956 786 1043 Singaram
810 957 898 1022 haud
926 958 1057 1023 dubiam
1082 961 1250 1024 victoriam
1275 961 1396 1026 ferocia

214 1043 500 1124 militumamisit,
531 1044 589 1128 qui
610 1064 754 1128 pugnam
780 1044 930 1109 seditiose
958 1048 991 1108 et
1017 1044 1133 1108 stolide
1161 1051 1271 1110 contra
1296 1047 1395 1110 ratio·

214 1151 289 1206 nem
309 1127 387 1212 belli
402 1129 451 1192 die
466 1129 531 1192 iam
545 1129 714 1212 praecipiti
729 1133 951 1212 poposcerunt.
994 1133 1069 1212 post
1084 1128 1268 1196 Constantis
1282 1143 1440 1196 necem10

214 1209 402 1299 Magnentio
434 1213 561 1278 ltaliam
587 1213 731 1278 Africam
758 1213 878 1278 Gallias
910 1214 1073 1278 obtinente
1105 1215 1201 1279 etiarn
1230 1215 1396 1299 Illyricum

215 1321 266 1378 res
298 1321 396 1363 novas
427 1298 542 1362 habuit
571 1297 768 1362 Vetranione
799 1299 839 1363 ad
873 1299 1043 1382 imperium
1072 1321 1229 1364 consensu
1255 1301 1395 1365 militum

217 1385 325 1450 electo
370 1405 465 1467 quem
546 1384 704 1448 ndaevum
718 1385 784 1449 iam
803 1388 835 1448 et
857 1385 979 1449 cunctis
1001 1385 1171 1449 amabilem
1186 1386 1395 1450 diutmnitate

216 1473 248 1532 et
269 1469 421 1533 felicitate
443 1468 577 1532 11111111
600 1469 641 1533 ad
655 1470 809 1533 tuendum
823 1468 987 1552 Illyricum
1000 1471 1177 1554 principem
1199 1476 1394 1548 creaverunt,

215 1553 319 1618 virum
345 1554 481 1637 probum
508 1558 541 1617 et
566 1576 693 1618 morum
718 1558 863 1618 veterum
890 1577 926 1618 11
951 1555 1107 1619 iucundae
1135 1556 1308 1635 civilitatis,
1336 1557 1391 1620 sed
1407 1570 1436 1613 15

216 1639 357 1707 omnium
371 1639 553 1729 liberalium
568 1640 685 1703 artium
700 1644 863 1722 expertem
878 1640 965 1717 adeo,
986 1644 1024 1703 ut
1037 1663 1077 1703 ne
1093 1641 1251 1705 elementa
1265 1641 1394 1723 quidem

158 1768 162 1775 -
215 1719 318 1808 prima
343 1724 523 1788 litterarum
551 1724 613 1788 nisi
644 1725 845 1810 grandaevus
874 1729 905 1788 et
931 1725 995 1788 iam
1024 1724 1199 1808 imperator
1227 1724 1392 1808 acceperit.

174 1817 230 1889 115
303 1808 365 1875 Sed
388 1833 407 1873 a
429 1809 628 1886 Constantio,
655 1810 711 1892 qui
738 1810 779 1873 ad
799 1809 955 1873 ultionem
976 1809 1137 1873 fraternae
1163 1810 1249 1873 necis
1270 1809 1391 1874 bellurn

216 1891 307 1959 civile
334 1898 559 1974 commoverat,
592 1894 785 1979 abrogatum
811 1898 860 1959 est
886 1893 1076 1958 Vetranioni
1101 1895 1283 1978 imperium
1309 1917 1391 1959 novo

216 1980 435 2064 inusitatoque
454 2002 542 2044 more
565 2001 718 2044 consensu
732 1980 871 2044 militum
893 1981 1049 2063 deponere
1063 1980 1188 2063 insigne
1211 1981 1391 2064 compulsus
1402 1991 1434 2040 20
1456 2024 1459 2028 ι

183 2079 197 2126 1
218 2069 274 2130 est.
288 2064 410 2129 Romae
420 2063 1309 2148 quoquetumultusfiritNepotianO,Constantinisororis
1318 2065 1392 2142 filie,

214 2173 273 2234 per.
286 2150 509 2236 gladiatoriam
523 2173 654 2220 manum
668 2150 838 2233 imperium
851 2150 1041 2228 vindicante,
1064 2150 1120 2232 qui
1134 2150 1237 2214 saeris
1256 2150 1392 2214 exordiis

215 2236 349 2320 dignum
371 2235 491 2300 exitum
512 2239 648 2300 nanctus
663 2239 724 2312 est3
746 2236 921 2300 vicensimo
944 2235 1029 2299 enim
1051 2240 1148 2320 atque
1170 2240 1283 2300 octavo
1306 2234 1355 2298 die
1370 2258 1390 2297 a

214 2319 450 2405 Magnentianis
473 2320 606 2385 ducibus
631 2342 802 2404 oppressus
828 2342 947 2404 poenas
974 2320 1067 2384 dedit
1111 2325 1208 2403 caput
1234 2321 1300 2382 eius
1325 2319 1390 2400 pilo

214 2427 272 2553 per
292 2407 406 2470 urbem
428 2406 661 2486 circumlatum,
684 2405 953 2490 gravissmaeque
975 2405 1223 2487 proscriptiones
1245 2408 1278 2467 et
1298 2403 1433 2467 nobi-er

227 2491 295 2554 ium
318 2491 430 2556 caedes
452 2491 591 2557 fuerunt.
1201 2522 1205 2528 ·
1310 2519 1313 2524 ·

174 2587 210 2647 12
300 2574 376 2641 Non
397 2576 500 2640 multo
522 2580 595 2660 post
615 2575 820 2661 Magnentius
843 2574 928 2658 apud
949 2573 1091 2637 Marsum
1113 2573 1304 2658 profligatus
1327 2573 1392 2636 acie

216 2665 264 2724 est
286 2682 322 2725 ac
348 2683 447 2745 paene
475 2666 595 2746 captus.
637 2662 785 2746 ingentes
811 2657 949 2723 Romani
974 2659 1101 2742 imperii
1126 2658 1209 2722 vires
1237 2681 1275 2723 ea
1304 2657 1392 2722 dimi-

216 2745 339 2810 catione
370 2751 576 2830 consumptae
609 2749 696 2824 sunt,
727 2746 768 2810 ad
795 2744 957 2828 quaelibet
982 2743 1068 2807 bella
1095 2747 1226 2807 externa
1252 2743 1392 2819 idoneae,

216 2853 298 2914 quae
334 2832 471 2896 multum
511 2831 745 2916 triumphorum
785 2833 918 2914 possent
958 2829 1200 2912 securitatisque
1241 2828 1435 2894 conferrere

182 2933 198 2984 2
216 2915 338 2981 Orienti
359 2940 435 2981 mox
457 2941 476 2982 a
498 2916 683 2982 Constantio
706 2915 823 2980 Caesar
851 2920 899 2980 est
921 2916 1016 2978 datus
1037 2915 1145 2998 patrui
1170 2913 1254 2978 filius
1276 2913 1391 2978 Gallus.

216 3001 485 3087 Magnentiusque
509 3002 640 3067 diversis
655 3002 785 3085 proeliis
806 3001 908 3064 victus
930 3000 996 3063 vim
1016 3001 1101 3064 vitae
1117 3021 1194 3064 suae
1211 2999 1295 3082 apud
1307 2996 1391 3078 Irug·

217 3089 337 3157 dunum
360 3087 467 3152 attulit
488 3087 612 3171 imperii
628 3108 710 3150 anno
726 3087 831 3163 tertio,
852 3107 961 3149 mense
979 3085 1123 3167 septimo,
1144 3084 1244 3147 frater
1265 3101 1390 3163 quoque

217 3173 285 3242 eius
307 3171 447 3252 Senonis,
470 3193 566 3255 quem
588 3171 628 3236 ad
649 3172 784 3236 tuendas
808 3170 929 3236 Gallias
952 3167 1120 3234 Gaesarem
1139 3169 1278 3232 miserat.

175 3265 211 3324 13
301 3256 364 3322 Per
392 3257 471 3322 haec
500 3262 645 3340 tempora
677 3257 773 3320 etiam
804 3279 823 3320 a
854 3254 1042 3320 Constantio
1073 3252 1181 3317 multis
1211 3249 1434 3315 incivilibusss

287 3447 302 3495 8
321 3440 464 3509 singaram
481 3442 530 3495 111
552 3445 586 3512 cs.
604 3458 626 3494 rr
638 3457 668 3509 p.
686 3443 739 3495 391
762 3447 788 3493 et
805 3441 930 3507 Philoton.
949 3442 1016 3492 Auz.
1038 3441 1077 3490 10
1090 3453 1120 3504 p.
1138 3438 1184 3499 513
1203 3434 1317 3504 singara
1334 3436 1377 3501 dn

218 3532 250 3582 16
268 3525 428 3582 liberalium
445 3527 505 3590 111
523 3526 682 3582 litterarum
702 3527 874 3579 Mommsend
890 3527 900 3593 Ι
919 3523 1022 3579 artium
1039 3524 1127 3575 Paris.
1142 3522 1256 3574 lincoln.
1270 3521 1389 3588 bardolf.

217 3611 233 3662 h
252 3615 268 3667 δ
278 3627 310 3680 p.
327 3613 371 3675 18,
390 3627 438 3666 om.
458 3611 599 3664 Mommsen
617 3613 657 3680 1111
671 3619 701 3666 17
715 3610 876 3664 litterarum
895 3610 952 3672 et;
971 3625 1069 3662 aarum
1089 3607 1230 3660 Mommsen
1248 3608 1331 3674 11111
1350 3605 1393 3656 est

218 3713 266 3750 om.
284 3697 308 3749 Α
327 3697 421 3764 11134
441 3697 571 3751 lacunam
590 3702 651 3750 aute
673 3694 789 3752 senonis
813 3695 915 3759 111111
933 3691 1082 3748 decentius
1100 3698 1162 3746 ante
1180 3690 1294 3746 senonis
1313 3691 1393 3742 inser.

221 3782 414 3847 Zouqrmer'ster
436 3785 464 3834 in
481 3785 567 3839 adnot.
586 3785 628 3836 cd.
651 3783 725 3838 Oros.
745 3785 774 3846 7,
793 3782 1027 3849 29,13p.508;
1047 3796 1101 3848 pro
1120 3777 1235 3834 senonis
1250 3792 1328 3844 prop.
1346 3773 1390 3826 de·

220 3862 328 3916 centius
348 3865 467 3918 Enmann
485 3869 543 3920 eine
565 3869 704 3920 vertereris
724 3868 875 3921 Gesrtielrte
892 3868 942 3920 der
961 3866 1108 3921 romischen
1127 3866 1227 3919 Kaisar
1242 3880 1268 3930 p.
1286 3863 1347 3914 501.
