3050 4292
633 199 849 258 cursorius.
876 192 911 258 X
1324 200 1366 264 ssl'

58 433 73 438 ,,
189 374 289 460 gestis
303 371 412 439 Gallus
427 372 542 438 Caesar
556 372 678 438 occisus
692 379 749 452 est,
766 375 815 438 vir
827 378 944 438 natura
956 374 1044 437 ferus
1063 377 1095 436 et
1109 373 1150 436 ad
1165 371 1366 456 tyrannidem

188 459 326 543 pronior,
347 459 375 522 si
389 481 446 522 suo
462 458 530 523 iure
546 459 702 542 imperare
716 460 866 524 licuisset.
909 458 1055 524 Silvanus
1071 480 1199 542 quoque
1212 457 1247 520 in
1262 457 1366 522 Gallia

188 567 238 608 res
251 566 350 608 novas
365 544 495 608 molitus
506 547 579 608 ante
590 545 672 608 diem
686 545 902 608 tricensimum
912 544 1087 608 exstinctus
1102 547 1159 621 est,
1174 543 1323 626 solusque
1332 543 1365 606 in

54 659 55 662 ¹
187 630 319 712 imperio
331 628 477 694 Romano
493 633 687 713 eo'tempore
698 628 902 708 Constantius
914 630 1061 713 princeps
1074 633 1106 693 et
1114 628 1167 692 Au
1214 632 1282 692 stus
1294 627 1364 692 fuit.

154 735 169 793 1
255 714 350 779 Mox
370 713 531 778 lulianum
552 712 718 778 Caesarem
741 715 781 778 ad
803 714 924 780 Gallias
945 715 1041 793 misit,
1062 718 1176 797 patrue
1190 734 1241 777 ern
1262 721 1407 791 suum,14

53 806 54 814 ’
151 841 158 857 1
188 799 272 864 Galli
300 799 447 878 fratrem,
477 799 595 864 tradita
623 800 652 864 ei
677 800 712 862 in
742 801 980 864 matrimonium
1010 821 1131 877 sorore,
1159 821 1233 884 cum
1263 799 1365 862 multa

187 885 304 969 oppida
340 885 469 948 barbari
500 885 750 969 expugnassent,
788 886 850 949 alia
881 886 1078 963 obsiderent,
1114 884 1237 968 ubique
1269 883 1364 952 foeda

187 971 319 1035 vastitas
343 974 425 1034 esset
439 968 682 1054 Romanumque
704 971 874 1054 imperium
895 993 961 1035 non
983 969 1080 1034 dubia
1101 970 1166 1033 iam
1182 969 1362 1033 calamitate
1414 986 1417 989 ·

187 1058 321 1119 nutaret.
359 1077 456 1139 aquo
470 1055 605 1120 modicis
621 1056 719 1139 copiis
735 1056 820 1139 apud
833 1055 1093 1140 Argentoratum,
1109 1054 1230 1119 Galliae
1245 1053 1364 1132 urbem,

145 1159 177 1206 11
187 1140 334 1224 ingentes
355 1141 609 1205 Alamannorum
631 1142 740 1224 copiae
764 1141 937 1205 exstinctae
959 1145 1047 1219 sunt,
1072 1162 1129 1204 rex
1149 1139 1364 1204 nobilissimus

186 1231 310 1309 captus,
334 1224 455 1290 Galliae
477 1226 653 1290 restitutae.
698 1227 801 1290 multa
826 1231 939 1310 postea
964 1249 1022 1310 per
1048 1226 1181 1290 eundem
1203 1223 1395 1288 Iulianuma

76 1327 77 1330 ’
187 1311 317 1460 Egregia
327 1312 507 1461 ⁸adtvqglslplpr
522 1310 674 1460 barbarlqs
691 1315 783 1396 gesta
797 1316 872 1411 sunt
887 1311 1199 1461 summotiquphqlttra
1213 1308 1361 1373 Rhenum

215 1418 375 1462 ermanre
455 1419 614 1460 1ussu1s
666 1419 815 1461 omanum
837 1420 882 1460 1111
906 1420 1007 1461 enum
1027 1419 1105 1461 res1
1141 1418 1219 1459 um.

47 1553 48 1556 Ἴ
270 1479 384 1565 Neque
406 1482 508 1545 multo
531 1485 604 1565 post
626 1504 698 1546 cum
718 1420 952 1548 Germaniciani
974 1482 1131 1546 exercitus
1151 1505 1172 1544 a
1188 1479 1409 1548 Galliarumlb

44 1581 46 1636 ζ
145 1587 174 1632 15
185 1567 343 1649 praesidio
362 1567 559 1646 tollerentur,
582 1589 737 1632 consensu
755 1567 894 1632 militum
911 1567 1056 1632 Iulianus
1074 1566 1178 1630 factus
1193 1565 1362 1650 Augustus

41 1725 42 1730 η
185 1659 233 1716 est
254 1653 481 1736 interiectoqne
511 1675 593 1716 anno
621 1653 661 1717 ad
682 1651 847 1737 Illyricum
869 1653 1077 1717 obtinendum
1096 1649 1362 1735 profectus-Con-

40 1811 44 1822 ,
76 1743 78 1818 j
186 1737 304 1803 stantio
335 1736 497 1802 Parthicis
533 1738 663 1821 proeliis
701 1743 863 1822 occupato
916 1739 988 1822 quis
1019 1738 1115 1802 rebus
1152 1735 1301 1821 cognitis.
1320 1736 1394 1800 ada

41 1827 43 1904 j
75 1855 76 1870 2
184 1822 304 1886 bellum
332 1823 422 1888 civile
450 1845 619 1888 conversus
644 1824 678 1887 in
707 1824 821 1888 itinere
849 1824 929 1888 obiit
959 1824 1043 1887 inter
1069 1821 1214 1886 Ciliciam
1240 1820 1361 1903 Cappa·

77 1955 78 1960 1
184 1907 372 1991 dociamque
395 1929 477 1971 anno
500 1909 627 1992 imperii
650 1913 761 1973 octavo
785 1913 817 1973 et
838 1909 1036 1987 tricensimo,
1059 1907 1172 1971 aetatis
1195 1907 1307 1990 quinto
1330 1911 1363 1969 et

40 2005 43 2068 '2
69 2031 79 2061 ‚1
143 2011 175 2058 20
186 1993 450 2076 quadragensimo
472 1994 653 2076 meruitque
668 1994 751 2058 inter
773 1995 862 2058 divos
885 1994 1004 2058 referri.
1034 1994 1083 2056 vir
1105 1992 1253 2078 egregiae
1275 1995 1361 2054 tran.

43 2081 44 2086 ’
186 2076 361 2158 quillitatis,
382 2076 536 2159 placidus
558 2077 692 2141 nimium
707 2079 817 2142 amicis
841 2084 873 2142 et
894 2079 1105 2142 familiaribus
1125 2077 1264 2155 credens,
1285 2098 1361 2139 mox

186 2161 283 2225 etiam
303 2161 457 2226 uxoribus
477 2162 623 2239 deditior,
646 2163 701 2246 qui
722 2167 831 2227 tamen
851 2163 962 2247 primis
977 2163 1103 2246 imperii
1126 2161 1215 2225 annis
1236 2161 1361 2244 ingenti

184 2269 217 2310 se
232 2246 388 2311 modestia
403 2247 514 2332 egerit,
528 2247 736 2314 familiarium
751 2248 848 2313 etiam
855 2248 1069 2331 locupletator
1077 2268 1182 2330 neque
1191 2245 1361 2310 inhonores

45 2379 48 2415 ,
184 2331 298 2411 sinens,
320 2354 458 2416 quorum
472 2333 632 2397 laboriosa
655 2337 804 2417 expertus
824 2334 939 2398 fuisset
961 2333 1075 2410 officia,
1097 2331 1138 2396 ad
1159 2332 1361 2395 severitatem

141 2439 172 2486 25
183 2422 252 2481 tum
268 2418 465 2502 propensior,
483 2417 511 2482 si
524 2418 662 2503 suspicio
676 2419 802 2502 imperii
812 2423 1003 2496 moveretur,
1019 2417 1107 2482 mitis
1122 2417 1210 2494 alias,
1225 2421 1256 2480 et
1271 2417 1360 2480 cuius

45 2503 49 2522 ’
182 2502 1401 2673 10111111ἓὲ1113110111111111111111111·1

49 2701 51 2746 3
182 2671 246 2735 this
269 2672 377 2737 intulit
398 2674 527 2752 bellum,
550 2675 601 2740 cui
616 2612 810 2758 expiationi
833 2697 893 2771 ego
909 2611 1036 2758 qiioque
1052 2673 1191 2738 interfui.
1235 2672 1359 2755 aliquot

50 2761 52 2838 ζ
183 2756 300 2840 oppida
331 2761 362 2820 et
384 2759 514 2824 castella
539 2758 710 2824 Persarum
734 2761 770 2823 in
797 2760 989 2824 deditionem
1016 2759 1138 2842 accepit
1164 2759 1216 2821 uel
1245 2758 1278 2822 vi
1305 2780 1357 2820 ex·

49 2845 51 2910 }
140 2842 353 2927 repugnavit,
388 2841 616 2926 Assyriamque
653 2845 826 2927 populatus
862 2847 966 2909 castra
1003 2845 1088 2928 apud
1118 2842 1358 2926 Ctesiphontem

51 2967 52 2973 κ
182 2928 298 2992 stativa
326 2927 522 3010 aliquamdiu
548 2927 668 2995 habuit.
716 2951 925 3013 remeansque
955 2929 1058 2994 victor
1084 2930 1160 2993 dum
1187 2951 1220 2992 se
1247 2928 1391 2992 incon-2

52 3015 56 3085 Ξ
182 3014 296 3078 sultius
319 3012 448 3097 proeliis
470 3013 590 3091 inserit,
611 3014 721 3078 hostili
742 3037 842 3078 manu
862 3014 1048 3079 interfectus
1072 3018 1119 3079 est
1141 3018 1187 3073 VI.
1202 3013 1273 3078 Kal.
1296 3012 1355 3077 lul.

54 3145 55 3154 ,
181 3099 307 3182 imperii
329 3120 412 3162 anno
436 3098 584 3181 septim0,
607 3099 720 3163 aetatis
744 3101 844 3166 altero
868 3104 900 3165 et
920 3100 1110 3165 tricensimo.
1155 3105 1250 3182 atque
1272 3099 1356 3162 inter

56 3217 60 3264 4
182 3184 270 3248 divos
292 3184 411 3248 relatus
435 3188 494 3262 est,
520 3184 569 3247 vir
591 3185 738 3282 egregius
767 3189 799 3250 et
820 3208 889 3250 rem
909 3185 1072 3268 publicam
1093 3186 1261 3270 insigniter
1286 3207 1355 3248 1111-

57 3285 59 3342 ζ
140 3267 359 3348 35deraturus,
386 3269 414 3334 si
435 3291 493 3352 per
514 3269 582 3333 fata
603 3269 752 3334 1111111111.
796 3270 983 3335 liberalibus
1011 3271 1185 3353 disciplinis
1212 3270 1388 3354 apprimea
1458 3291 1462 3296 ·

56 3377 59 3436 3
182 3354 332 3434 eruditus,
355 3355 482 3420 Graecis
505 3355 628 3419 doctior
650 3359 745 3438 atque
769 3355 862 3434 adeo,
882 3361 920 3420 ut
940 3354 1060 3420 Latina
1077 3356 1213 3420 eruditio
1235 3377 1355 3438 nequa—

55 3441 58 3522 1
182 3460 278 3520 quam
314 3461 386 3503 cum
422 3440 542 3506 Graeca
578 3441 709 3505 scientia
746 3442 942 3520 conveniret,
978 3441 1127 3505 facundia
1163 3441 1287 3526 ingenti
1324 3444 1357 3504 et

59 3541 62 3590 ὲ
180 3527 345 3607 prompta,
381 3527 553 3591 memoriae
589 3525 829 3606 tenacissimae,
869 3527 903 3590 in
940 3526 1130 3610 quibusdam
1165 3524 1355 3610 philosopho

59 3594 64 3695 l
179 3607 317 3692 propior.
360 3609 395 3672 in
422 3611 540 3676 amicos
565 3611 707 3676 liberalis
734 3612 790 3676 sed
810 3612 916 3676 minus
943 3611 1078 3696 diligens
1105 3633 1203 3696 quam
1229 3613 1355 3674 tantum

59 3762 84 3916 ‘⁵'
249 3799 279 3846 1⁷
299 3790 362 3860 quis
382 3795 456 3863 Aes.
475 3811 496 3846 1
513 3813 538 3862 p.
557 3798 609 3849 516
627 3799 652 3850 et
670 3797 795 3865 Philoleo.
814 3800 881 3852 Auz.
900 3796 1157 3886 1115111111
1176 3793 1226 3862 qui
1243 3792 1279 3846 iis
1297 3795 1315 3844 d
1334 3795 1343 3857 μ
1372 3758 1375 3764 ¹

63 3923 67 3960 7
179 3883 211 3932 25
230 3877 300 3948 tum]
320 3879 474 3934 1111111111.

1118 3964 1150 4017 5*
