3050 4292
187 178 228 244 12
646 173 861 228 syrnoelvs
879 173 913 227 u

977 298 981 329 l

186 353 262 413 sunt
284 352 394 414 contra
415 347 552 431 Pyrrum
567 348 662 411 duces
676 345 711 412 P.
726 345 888 431 Sulpicius
900 350 933 410 et
946 345 1064 410 Decius
1080 344 1233 412 consules
1262 348 1364 410 certa·

186 434 271 498 mine
293 433 459 498 commisso
474 431 594 530 Pyrrus
608 433 793 498 vulneratus
808 436 866 510 est,
888 430 1049 515 elephanti
1059 429 1227 508 interfecti,
1248 429 1364 516 viginti

185 519 274 584 milia
304 541 395 584 caesa
423 517 573 596 hostium,
608 521 640 582 et
674 539 713 582 ex
740 515 893 582 Romanis
926 520 1053 581 tantum
1086 515 1228 600 quinque
1262 514 1362 593 milia3

185 603 306 689 Pyrrus
328 603 502 668 Tarentum
522 603 663 688 fugatus.

144 693 182 752 14
272 689 442 754 Interiectu
473 711 555 754 anno
587 692 697 752 contra
718 686 859 772 Pyrrum
880 685 1046 751 Fabricius
1078 691 1128 750 est
1148 686 1276 763 missus,
1307 685 1398 768 quie

185 775 274 859 prius
304 775 388 839 inter
408 774 534 859 legatos
565 773 730 838 sollicitari
758 794 824 837 non
850 774 976 856 poterat
1007 775 1121 854 quarta
1150 771 1242 856 regni
1270 775 1362 853 parte

208 859 350 925 romissa.
372 864 442 923 tum
464 881 536 924 curu
557 859 662 924 vicina
684 862 789 922 castra
809 857 877 941 ipse
893 860 926 921 et
946 878 1003 920 rex
1022 855 1192 936 haberent,
1221 855 1363 920 medicus

185 883 278 1030 Pyrri
300 948 392 1010 nocte
423 946 559 1011 adeum
581 945 669 1009 venit
697 942 886 1027 promittens
916 964 1038 1006 veneno
1060 963 1093 1006 se
1115 940 1253 1026 Pyrrum
1281 940 1363 1006 occi·

186 1053 308 1109 surum,
339 1029 366 1094 si
395 1029 457 1095 sibi
487 1029 608 1114 aliquid
637 1029 849 1113 polliceretur.
902 1049 998 1111 quem
1026 1024 1192 1092 Fabricius
1221 1027 1365 1090 vinctum

185 1115 294 1180 reduci
316 1114 409 1180 iussit
432 1115 473 1182 ad
495 1115 657 1179 domiuum
671 1113 837 1198 Pyrroque
859 1113 921 1177 dici
943 1134 1024 1196 quae
1044 1115 1155 1176 contra
1177 1115 1273 1196 caput
1295 1111 1363 1175 eius
1375 1127 1407 1174 ιο

153 1201 328 1275 emedicus
351 1201 581 1284 spopondisset.
625 1203 695 1264 tum
724 1221 782 1264 rex
803 1199 978 1263 admiratus
1009 1219 1083 1262 eum
1104 1195 1220 1261 dixisse
1250 1196 1364 1261 fertur:

186 1286 241 1350 ille
264 1290 314 1350 est
335 1283 510 1365 Fabricius,
533 1285 588 1369 qui
611 1284 771 1349 difficilius
793 1284 833 1348 ab
855 1283 1022 1348 honestate
1045 1304 1141 1366 quam
1162 1281 1211 1346 sol
1233 1305 1253 1347 a
1271 1303 1366 1346 cursu

187 1393 244 1436 suo
267 1371 369 1436 averti
389 1374 504 1455 potest.
534 1375 604 1434 tum
625 1392 683 1434 rex
705 1370 745 1434 ad
766 1368 907 1434 Siciliam
927 1367 1090 1452 profectus
1112 1371 1183 1432 est(
1200 1365 1365 1431 Fabricius

153 1457 279 1528 evictis
301 1454 437 1520 lucanis
466 1459 499 1520 et
520 1454 716 1521 Samnitibus
745 1454 963 1538 triumphavit.
1007 1453 1152 1526 consules
1183 1451 1295 1517 deinde
1321 1450 1365 1516 M.

187 1540 300 1606 Curius
322 1540 482 1606 Dentatus
505 1545 538 1606 et
560 1539 724 1605 Cornelius
746 1538 900 1605 Lentulus
925 1539 1093 1604 adversum
1114 1537 1251 1622 Pyrrum
1277 1537 1366 1601 missi
1375 1547 1408 1597 15

186 1631 268 1692 sunt.
300 1625 412 1691 Curius
435 1630 546 1690 contra
568 1647 640 1691 eum
654 1625 818 1712 pugnavit,
840 1625 1014 1690 exercitum
1029 1624 1096 1688 eius
1118 1624 1239 1702 cecidit,
1259 1623 1366 1706 ipsum

186 1710 360 1777 Tarentum
382 1711 418 1776 fu
443 1711 516 1790 avit,
543 1716 649 1777 cestra
680 1711 773 1795 cepit.
816 1733 854 1775 ea
876 1710 926 1775 die
957 1732 1049 1774 caesa
1079 1709 1221 1774 hostium
1250 1706 1366 1792 viginti

185 1797 248 1862 tria
277 1797 374 1861 milia.
418 1733 530 1862 Furius
561 1797 596 1861 in
626 1797 794 1861 consulatu
824 1795 1040 1880 triumphavit.
1082 1795 1204 1878 primus
1229 1792 1366 1856 Romam

186 1881 371 1967 elephantos
394 1887 546 1966 quattuor
568 1882 665 1946 duxit.
696 1880 819 1965 Pyrrus
835 1881 933 1945 etiam
954 1903 974 1944 a
988 1879 1127 1944 Tarento
1141 1899 1216 1942 mox
1235 1877 1366 1942 recessit

186 1972 219 2033 et
240 1968 325 2052 apud
346 1965 453 2052 Argos
476 1965 626 2032 Graeciae
650 1967 812 2031 civitatem
835 1966 957 2030 occisus
980 1969 1037 2029 est
1168 1972 1170 1977 ’
1374 1973 1409 2022 20

143 2066 179 2126 15
270 2051 303 2118 Ο.
324 2051 425 2118 Fabio
447 2050 577 2131 Licinio,
599 2051 631 2118 G.
654 2051 787 2117 Claudio
810 2051 929 2116 Ganina
951 2050 1134 2116 consulibus
1160 2070 1243 2114 anno
1273 2047 1363 2112 urbis

187 2138 332 2203 conditae
355 2138 668 2224 quadringentesimo
684 2137 905 2223 sexagensimo
942 2138 1023 2201 rimo
1038 2134 1139 2222 legati
1153 2132 1362 2199 Alexandrini
1402 2191 1405 2203 ,

183 2246 203 2287 a
224 2223 411 2289 Ptolomaeo
432 2224 521 2288 missi
534 2223 671 2306 Romam
692 2244 808 2288 venere
824 2227 890 2286 eta
935 2221 1057 2286 omanis
1071 2219 1251 2296 amicitiem,
1266 2239 1364 2300 quam

181 2309 348 2393 petierant,
370 2309 584 2374 obtinuerunt.

143 2405 179 2465 16
271 2393 306 2470 Q.
334 2392 487 2478 Ogulnio,
514 2392 546 2457 O.
573 2391 674 2456 Fabio
700 2389 828 2454 Pictore
860 2365 1052 2454 consulibus>
1067 2387 1214 2453 Picentes
1243 2386 1408 2451 belluna
1522 2450 1524 2453 ,

186 2499 383 2542 commorere
413 2482 446 2542 et
467 2477 508 2542 ab
538 2475 780 2560 insequentibus
807 2474 989 2540 consulibus
1010 2473 1045 2538 P.
1073 2472 1273 2556 Sempronio,
1303 2471 1364 2556 Ap.

185 2562 319 2628 Claudio
339 2561 415 2627 victi
437 2567 523 2640 sunt3
547 2565 579 2626 et
601 2562 639 2626 de
661 2560 711 2624 his
732 2559 965 2644 triumphatum
987 2564 1045 2626 est.
1090 2559 1236 2623 conditae
1259 2582 1278 2622 a
1299 2557 1364 2622 Ro·

186 2648 288 2712 manis
310 2647 455 2712 civitates
469 2646 633 2712 Ariminus
653 2647 688 2710 in
710 2643 814 2710 Gallia
836 2648 869 2709 et
889 2645 1108 2710 Beneventum
1128 2645 1162 2708 in
1184 2643 1321 2708 Samnio.

145 2741 180 2800 17
272 2732 316 2800 M
338 2732 439 2798 Atilio
461 2732 602 2818 Regulo,
632 2731 671 2796 Ic
693 2730 785 2796 Iunio
815 2729 937 2796 Libone
969 2730 1153 2797 consulibus
1182 2727 1364 2794 Sallentinis

183 2817 219 2883 iu
239 2817 358 2904 Apulia
379 2818 500 2883 bellum
521 2818 676 2882 indictum
698 2821 753 2895 est,
771 2816 925 2900 captique
947 2821 1022 2881 sunt
1036 2838 1109 2881 oum
1122 2815 1249 2881 civitate
1271 2811 1365 2877 simul
1373 2821 1409 2868 30

185 2903 376 2981 Brundisini,
399 2908 431 2968 et
454 2905 491 2968 de
513 2903 563 2968 bis
584 2903 817 2986 triumphatum
840 2907 898 2966 est.

144 2997 181 3056 18
271 2989 366 3054 Anno
396 2989 709 3074 quadringentesimo
740 2987 998 3073 septuagensimo
1028 2987 1162 3071 septimo
1189 3007 1270 3066 ⁸cum
1299 2983 1364 3046 iam

187 3075 307 3140 clarum
337 3075 426 3140 urbis
456 3074 577 3139 Romae
607 3096 723 3138 nomen
753 3077 849 3152 esset,
879 3095 967 3137 arma
988 3077 1098 3137 tamen
1125 3074 1213 3135 extra
1235 3068 1365 3133 ltaliam

152 3165 274 3225 amota
302 3183 368 3225 uon
397 3159 531 3225 fuerant
579 3164 615 3223 ut
644 3159 744 3244 igitur
767 3163 1018 3243 cognosceretur,
1049 3178 1130 3241 quae
1160 3155 1269 3239 copiae
1299 3152 1364 3228 Ro·

185 3268 352 3310 manorum
375 3251 486 3324 essent,
510 3267 621 3310 census
644 3249 692 3308 est
713 3243 851 3321 habitus,
872 3243 1002 3307 inventa
1024 3244 1098 3306 sunt
1120 3240 1236 3305 civium
1259 3239 1408 3321 capita35
1522 3262 1524 3265 ·

187 3331 322 3395 ducenta
344 3331 518 3480 nonaginta
542 3331 603 3394 duo
625 3329 878 3393 miliatrecenta
900 3328 1033 3412 triginta
1056 3330 1221 3410 quattuor,
1252 3346 1364 3408 quam-

153 3437 284 3499 aquam
315 3439 334 3479 a
365 3438 425 3481 con
448 3415 491 3480 ‘ta
522 3416 601 3480 urbe
631 3436 808 3498 numquam
840 3413 925 3477 bella
956 3415 1137 3476 cessassent.
1189 3415 1221 3474 et
1255 3413 1366 3474 contra

254 3607 266 3653 1
287 3618 349 3654 mue
363 3605 426 3668 post
445 3599 541 3655 decius
560 3602 619 3653 add.
638 3601 655 3652 b
673 3602 683 3668 t
701 3607 715 3654 6
734 3600 850 3668 poterat
870 3599 891 3652 G
898 3599 919 3652 θ
938 3599 974 3661 b;·
994 3598 1131 3667 potuerat
1147 3598 1166 3649 d
1181 3598 1191 3664 ΙΙ
1210 3603 1242 3650 14
1259 3594 1297 3648 Μ.
1315 3610 1364 3648 om.

191 3687 242 3740 00
265 3686 359 3753 Ιι1122
386 3683 478 3754 legati
506 3682 683 3739 alexandrini
709 3680 897 3752 cHierooym.
923 3699 948 3740 a.
970 3684 1054 3746 17253
1072 3680 1207 3755 πρέσβεις
1233 3676 1292 3738 ἀπὸ
1315 3680 1366 3750 τῆς

184 3763 400 3842 Ἀλεξανδρείας
417 3771 452 3834 Ρ;
470 3769 561 3838 legati
579 3767 745 3823 alexandria
762 3772 821 3836 dp.
840 3769 903 3835 1811
921 3775 953 3822 23
965 3766 1128 3837 ptolomaeo
1147 3782 1252 3834 semper
1273 3764 1319 3834 (cs.
1336 3765 1364 3828 2,

189 3857 235 3918 15,
254 3857 278 3919 3,
297 3857 325 3918 15
345 3857 370 3916 4,
389 3857 417 3917 6;
437 3857 461 3916 6,
479 3857 527 3923 22)
547 3856 712 3907 scribendum
731 3859 771 3908 eet
788 3856 798 3922 l
816 3861 846 3908 27
866 3853 911 3911 his
930 3855 972 3917 ch,
991 3853 1015 3906 is
1033 3856 1059 3907 d.
