3050 4292
185 171 226 233 14
644 164 864 224 EVTROPIVS.
882 166 916 220 Il.

184 363 282 425 quam
310 362 382 404 oum
404 337 547 424 Regulus
578 338 678 404 nollet
707 338 770 402 nisi
801 337 978 402 durissimis
1010 338 1245 403 condicionibus
1277 340 1360 420 dare,

183 425 256 490 Afri
278 425 431 489 auxilium
454 447 472 488 a
494 422 753 489 Lacedaemoniis
775 423 964 506 petiverunt.
1002 427 1041 490 et
1060 424 1142 508 duce
1164 423 1306 510 Xanthip
1330 448 1359 504 0,

183 511 239 594 qui
260 533 279 574 a
300 508 559 574 Lacedaemoniis
590 509 707 573 missus
729 508 843 587 fuerat,
873 507 1091 573 Romanorum
1122 510 1186 574 dux
1216 507 1264 574 Re
1320 533 1360 574 us
1389 547 1391 550 ·

182 597 285 660 victus
317 597 366 659 est
395 594 508 658 ultima
538 594 687 678 pernicie.
738 616 814 660 nam
844 593 906 658 duo
936 595 1025 658 milia
1054 598 1179 659 tantum
1209 596 1393 660 1111111111

184 681 324 745 exercitu
339 680 534 765 refugerem,
557 678 724 764 quingenti
739 700 812 742 cum
826 679 1018 763 imperatore
1033 678 1159 765 Regulo
1176 681 1262 763 capti
1276 684 1358 760 sunt,

183 766 318 850 triginta
339 765 427 828 milia
449 764 561 842 occisa,
583 763 630 828 Re
677 764 727 828 lus
749 765 871 847 ipsein
894 768 1023 828 catenas
1046 766 1216 829 coniectus.
1300 845 1302 848 v

140 862 178 922 22
269 849 311 914 M.
334 849 471 914 Aemilio
493 785 701 927 Paulofgldr.
722 846 837 912 Fulvio
858 847 1024 921 Nobiliore
1054 850 1237 915 consulibus
1264 850 1383 915 1111111,

182 936 319 1000 Romani
351 935 495 1000 consules
526 933 567 1000 ad
592 933 735 999 Africam
765 933 901 1017 profecti
935 939 1010 998 sunt
1041 956 1115 1019 cum
1144 939 1359 1014 trecentarum

182 1021 311 1086 navium
334 1020 444 1085 elassa
475 1021 614 1104 primum
635 1019 732 1083 Afros
747 1019 853 1083 navali
868 1019 1039 1084 certamine
1055 1026 1215 1104 superant.
1250 1020 1401 1085 Aemi-10

181 1107 244 1170 lius
268 1106 380 1170 consul
402 1110 529 1170 centum
552 1109 583 1170 et
606 1108 756 1188 quattuor
778 1126 875 1168 naves
890 1103 1031 1169 hostium
1046 1105 1204 1184 demersit,
1226 1107 1358 1191 triginta

182 1214 255 1256 oum
276 1191 508 1276 pugnatoribus
531 1190 627 1273 oepit,
658 1189 841 1273 quindecim
869 1189 958 1253 milia
987 1189 1129 1254 hostium
1159 1196 1215 1255 aut
1246 1192 1360 1255 occidit

148 1282 238 1344 aaut
269 1277 366 1360 cepit,
394 1275 529 1340 militem
560 1297 653 1339 suum
682 1275 806 1360 ingenti
839 1274 958 1358 praeda
993 1275 1112 1340 ditavit.
1166 1278 1198 1339 et
1226 1275 1359 1340 subacta

180 1361 291 1426 Africa
312 1366 389 1425 tunc
410 1361 533 1439 inisset
555 1360 615 1423 nisi
638 1361 724 1444 quod
745 1364 837 1425 tanta
858 1359 960 1425 fames
976 1365 1052 1438 erat,
1073 1363 1111 1424 ut
1133 1360 1252 1425 diutius
1271 1382 1358 1425 exer·

149 1448 264 1514 scitus
288 1450 471 1544 exspectare
500 1467 564 1510 non
593 1449 712 1530 posset.
756 1445 899 1510 consules
926 1467 1003 1528 cum
1032 1445 1156 1510 victrici
1187 1446 1287 1510 classe
1308 1460 1399 1509 11-11
1522 1513 1525 1531 1

183 1534 313 1597 deuntes
345 1551 428 1595 circa
450 1529 590 1595 Siciliam
619 1530 826 1614 naufragium
853 1531 942 1614 passi
972 1535 1054 1594 sunt.
1099 1534 1132 1595 et
1160 1535 1250 1595 tanta
1278 1535 1358 1595 tem·

180 1621 289 1700 pestes
311 1616 385 1694 suit,
407 1621 444 1680 ut
460 1638 498 1680 ex
513 1615 754 1701 quadringentis
770 1615 935 1700 sexaginta
951 1620 1105 1700 quattuor
1122 1617 1257 1682 naribus
1271 1619 1359 1681 octo·

182 1703 273 1787 ginta
296 1701 415 1766 servari
436 1701 605 1785 potuerint,
626 1722 732 1784 neque
754 1701 821 1764 ullo
844 1706 986 1786 tempore
1001 1705 1091 1765 tanta
1105 1701 1265 1766 maritima
1279 1706 1359 1766 tem·

147 1792 289 1871 rpestas
313 1787 421 1850 audita
444 1791 499 1850 est.
533 1785 670 1850 Romani
690 1790 799 1850 tamen
822 1786 932 1850 statim
954 1786 1107 1851 ducentas
1121 1809 1218 1851 naves
1232 1809 1358 1870 repara·

179 1876 303 1951 verunt,
325 1893 429 1955 neque
451 1872 484 1936 in
508 1871 615 1954 aliquo
639 1872 763 1935 animus
785 1869 835 1936 his
857 1871 1012 1936 infractus
1033 1872 1104 1937 fuit
1366 1884 1400 1932 20

136 1966 176 2026 χ23
213 2021 214 2024 ,
267 1955 321 2021 On.
343 1955 494 2021 Servilius
516 1956 646 2041 Caepio,
668 1955 700 2020 (l.
723 1954 929 2040 Sempronius
954 1955 1088 2041 Blaesus
1115 1957 1259 2022 consules
1287 1979 1359 2021 cum

182 2043 324 2109 ducentis
347 2042 513 2126 sexaginta
534 2042 669 2106 navibus
695 2041 736 2105 ad
761 2038 904 2106 Africam
933 2041 1070 2126 profecti
1099 2046 1181 2123 sunt.
1237 2042 1360 2127 aliquot

183 2128 326 2194 civitates
357 2132 517 2212 ceperunt.
568 2128 718 2212 praedam
746 2127 911 2211 ingentem
939 2127 1126 2192 reducentes
1155 2127 1359 2212 naufragium

181 2214 269 2298 passi
299 2217 380 2277 sunt.
432 2213 540 2298 itaque
570 2235 643 2277 cum
677 2213 846 2277 continuae
880 2212 1078 2276 calamitates
1108 2211 1261 2276 Romanis
1296 2212 1357 2274 dis-

181 2298 345 2381 plicerent,
366 2299 506 2363 decrevit
528 2301 665 2375 senatus,
687 2301 723 2360 ut
746 2321 765 2360 a
786 2297 953 2360 maritimis
967 2297 1097 2378 proeliis
1111 2297 1310 2359 recederetur
1325 2299 1400 2359 eea

181 2387 308 2447 tantum
329 2382 496 2480 sexaginta
517 2403 614 2446 naves
638 2383 678 2446 ad
698 2381 892 2464 praesidium
913 2379 1023 2444 Italiae
1045 2380 1152 2444 salvae
1175 2385 1289 2444 essent.

143 2480 181 2538 24
271 2466 304 2531 L.
328 2465 463 2531 Gaeedio
490 2465 634 2544 Metello,
660 2464 692 2529 0.
718 2464 816 2529 Furio
842 2464 971 2530 Placido
1003 2465 1183 2545 consulibus
1210 2464 1358 2530 Metellus

184 2553 218 2616 in
234 2550 341 2616 Sicilia
354 2550 507 2616 Afrorum
522 2551 634 2616 ducem
649 2572 721 2615 cum
737 2557 836 2610 CXXX
859 2548 1036 2633 elephantis
1059 2554 1092 2614 et
1112 2551 1239 2637 magnis
1261 2551 1358 2635 copiis

182 2637 362 2703 venientem
392 2637 565 2721 superavit,
587 2643 639 2696 XX
660 2635 748 2699 milia
774 2635 915 2720 hostium
942 2635 1067 2715 cecidit,
1097 2659 1154 2701 sex
1184 2641 1216 2701 et
1245 2637 1358 2722 viginti

183 2719 369 2807 elephantos
391 2721 487 2806 cepit,
517 2722 657 2806 reliquos
680 2724 823 2804 errantes
847 2743 905 2804 per
926 2719 1091 2800 Numidas,
1114 2744 1194 2807 quos
1215 2723 1248 2786 in
1271 2723 1402 2786 anxi-so

181 2809 261 2873 lium
281 2807 430 2886 habebat,
453 2806 583 2892 collegit
609 2811 641 2871 et
666 2805 804 2888 Romam
831 2806 962 2871 deduxit
982 2807 1108 2892 ingenti·
1126 2830 1257 2893 pompa,
1288 2829 1358 2871 cum

182 2897 291 2974 tantus
307 2891 549 2976 elephantorum
562 2914 713 2956 numerus
736 2892 842 2956 omnia
864 2891 979 2956 itinera
1000 2892 1172 2976 conpleret.
1192 2891 1358 2977 posthaec

181 2980 267 3043 mala
282 2977 557 3065 Carthaginienses
573 2977 733 3063 Regulum
748 2979 868 3056 ducem,
884 3000 978 3061 quem
995 2983 1153 3063 ceperant,
1171 2978 1359 3061 petiverunt,

182 3069 219 3128 ut
241 3063 377 3128 Romam
410 3063 662 3148 proficisceretur
692 3068 724 3127 et
753 3085 866 3145 pacem
896 3086 915 3126 a
945 3060 1097 3126 Romanis
1127 3063 1286 3125 obtineret
1301 3122 1303 3125 ,
1321 3083 1359 3124 ac

140 3149 449 3236 25permutationem
475 3149 672 3232 captivorum
702 3147 828 3232 faceret.
871 3146 930 3231 Ille
956 3147 1092 3229 Romam
1118 3167 1191 3210 cum
1215 3146 1401 3224 uenissetss

270 3341 302 3388 20
320 3333 364 3388 his
383 3334 438 3394 clu·
454 3333 479 3386 is
498 3335 583 3400 111126
603 3332 699 3386 salvae
717 3349 764 3385 om.
778 3334 807 3396 P,
825 3333 876 3384 del.
890 3333 1009 3384 Eussner
1019 3331 1145 3397 Philoloq.
1158 3332 1226 3384 daz.
1239 3331 1296 3398 412.
1305 3333 1359 3384 251

183 3422 218 3488 cf.
236 3420 264 3470 11ι
280 3434 308 3485 p.
327 3421 364 3470 86
384 3419 395 3485 ΙΙ
417 3425 448 3473 27
466 3416 580 3487 placido
599 3418 696 3471 cPlrd
715 3420 749 3486 cf.
771 3419 966 3484 Zanpemeister
983 3418 1026 3486 die
1042 3416 1189 3469 Perioctae
1205 3418 1253 3469 des
1271 3416 1360 3468 livius

183 3503 359 3571 (Heidelberp
381 3505 473 3569 1882)
490 3507 610 3572 p.102;
638 3504 731 3574 pacilo
752 3505 857 3556 Merula
877 3503 888 3571 ΙΙ
909 3510 940 3558 82
958 3505 1057 3558 tantus
1075 3505 1118 3555 vel
1137 3505 1184 3558 tot
1209 3504 1360 3571 suspicatur

1053 3588 1099 3642 vel
1117 3591 1216 3642 tantus

183 3675 211 3725 b¹
225 3689 255 3742 p.
274 3675 320 3737 41;
340 3671 440 3728 CXXX
458 3678 519 3726 aare
538 3673 755 3744 elephantorum
778 3672 978 3743 1111111111
999 3675 1041 3735 Α;
1076 3673 1196 3744 triginta
1233 3675 1276 3742 6²,-
1301 3673 1359 3730 triv

185 3750 353 3828 ἐλεφάντων
378 3755 497 3829 μεγέθει
524 3778 556 3815 τε
579 3762 629 3815 καὶ
654 3758 761 3832 πλήθει
788 3755 840 3825 τὰς
867 3751 954 3826 ὁδοὺς
980 3757 1171 3833 πληρούντων
1199 3761 1233 3823 P;
1260 3773 1358 3811 numer.

184 3845 244 3898 incl.
262 3844 286 3909 11,
305 3858 352 3898 om.
371 3844 396 3898 d.
