3050 4292
662 156 880 213 EVTROPIVS.
899 159 960 212 IllI.
1351 165 1393 228 23

210 333 405 399 Antiochum
420 332 581 416 profectus
597 336 653 396 est.
695 330 868 409 Hannibal,
891 332 946 415 qui
968 354 1040 396 cum
1054 331 1214 398 Antiocho
1237 338 1313 413 erat,
1335 356 1393 398 na·

171 487 173 494 ,
211 419 275 484 vali
304 419 426 503 proelio
452 418 556 482 victus
584 422 638 481 est.
691 417 759 499 ipse
785 421 898 500 postea
923 415 1102 481 Antiochus
1134 417 1218 482 circa
1244 416 1391 503 Sipylum

211 505 297 589 apud
322 502 530 588 Magnesiam,
555 501 651 567 Asiae
675 502 844 579 civitatem,
871 525 890 566 a
917 502 1045 567 consule
1072 502 1217 568 Cornelio
1240 502 1389 587 Scipione

210 590 334 674 ingenti
364 589 485 674 proelio
515 588 604 651 fusus
636 592 691 651 est.
744 587 863 651 auxilio
895 587 957 652 fuit
978 586 1132 652 Romanis
1154 589 1188 652 in
1215 611 1252 653 ea
1278 593 1424 674 pu'gnaa

176 697 192 744 5
210 675 379 752 Eumenes,
400 673 504 738 Attali
525 673 610 756 regis
631 672 743 748 frater,
767 672 822 754 qui
844 671 1034 737 Eumeniam
1058 674 1092 737 in
1113 672 1255 760 Phrygia
1278 675 1389 740 condi·

212 761 265 825 dit.
310 759 544 844 quinquaginta
561 757 649 821 milia
671 757 824 841 peditum,
845 757 907 821 tria
930 758 1073 841 equitum
1096 780 1133 823 eo
1156 761 1328 824 certamine
1352 783 1425 829 exe

210 850 301 930 parte
323 845 408 928 regis
431 844 535 908 occisa
557 848 638 908 sunt.
682 847 752 906 tum
774 864 830 906 rex
852 864 962 926 paoem
983 844 1073 927 petit.
1117 844 1219 908 isdem
1234 845 1392 910 condicio·

210 931 304 994 nibus
327 930 401 994 data
423 933 470 994 est
493 953 511 993 a
534 933 647 993 senatu
667 949 863 1010 quamquam
883 929 976 1006 victo,
998 929 1114 1012 quibus
1136 935 1210 994 ante
1233 930 1404 995 offereba'

210 1019 273 1079 tur:
296 1020 334 1080 ut
355 1039 394 1080 ex
408 1015 538 1098 Europa
560 1018 593 1078 et
607 1012 685 1078 Asia
706 1013 868 1078 recederet
890 1018 987 1112 atque
1008 1013 1094 1078 111111
1108 1013 1251 1080 Taurum
1265 1037 1299 1080 se
1315 1038 1390 1080 con-

169 1101 334 1179 1otineret,
365 1101 474 1165 decem
503 1100 591 1164 milia
621 1099 817 1164 talentorum
847 1104 880 1163 et
909 1099 1024 1184 viginti
1055 1099 1179 1164 obsides
1211 1101 1390 1185 praeberet,

209 1184 425 1250 Hannibalem
452 1185 679 1250 concitatorem
704 1183 782 1248 belli
809 1184 944 1250 dederet.
992 1184 1129 1250 Eumeni
1159 1186 1228 1270 regi
1256 1186 1391 1251 donatae

209 1275 284 1336 sunt
306 1295 325 1336 a
346 1275 459 1336 senatu
482 1292 590 1335 omnes
612 1268 708 1334 Asiae
731 1270 884 1350 civitates,
907 1293 986 1354 quas
1007 1270 1186 1335 Antiochus
1207 1271 1293 1335 bello
1315 1293 1390 1355 per·

211 1357 340 1437 diderat,
368 1361 400 1420 et
421 1355 567 1434 Rhodiis,
603 1356 658 1439 qui
686 1355 840 1420 auxilium
868 1355 1023 1420 Romanis
1054 1361 1164 1421 contra
1190 1378 1301 1441 regem
1322 1356 1390 1420 An·

209 1441 353 1506 tiochum
374 1441 521 1520 tulerant,
543 1441 663 1506 multae
686 1440 780 1504 urbes
804 1462 969 1505 concessae
991 1447 1092 1506 sunt„
1122 1440 1226 1527 Scipio
1249 1441 1387 1506 Romam

169 1527 313 1605 lorediit,
337 1527 461 1612 ingenti
487 1527 590 1610 gloria
616 1525 831 1609 triumphavit.
879 1548 996 1591 nomen
1023 1532 1055 1592 11
1080 1527 1147 1611 ipse
1171 1527 1211 1592 ad
1233 1527 1387 1592 imitatio-

208 1633 282 1676 nem
303 1613 410 1677 fratris
432 1611 601 1698 Asiagenis
624 1612 758 1695 accepit,
785 1611 860 1694 quia
881 1611 993 1676 Asiam
1014 1612 1147 1690 vicerat,
1173 1613 1268 1678 sicuti
1288 1613 1389 1678 frater
1456 1607 1459 1619 '

207 1697 306 1781 ipsius
327 1719 386 1782 pro
410 1701 458 1761 ter
478 1697 623 1762 Africam
644 1696 797 1761 domitam
818 1694 988 1761 Africanus
1011 1697 1239 1782 appellabatur.
1261 1779 1264 1782 .

293 1781 345 1867 Sp.
404 1783 540 1848 ostumio
579 1780 715 1859 Albino,
746 1779 782 1858 Q.
812 1780 921 1848 Marco
952 1781 1100 1867 Philippo
1132 1784 1315 1848 consulibus
1345 1783 1421 1855 Ma

207 1865 338 1931 Fulvius
362 1868 399 1931 de
421 1866 544 1932 Aetolis
566 1867 783 1952 triumphavit.
827 1866 998 1947 Hannibal,
1025 1868 1081 1951 qui
1106 1868 1190 1933 victo
1217 1867 1422 1946 Antiochea

165 1971 247 2020 aone
273 1951 425 2016 Romanis
447 1954 637 2030 traderetur,
669 1953 708 2016 ad
734 1951 889 2030 Prusiam,
915 1953 1085 2036 Bithyniae
1107 1975 1225 2039 regem,
1247 1955 1387 2038 fugerat,

208 2037 361 2120 repetitus
384 2038 480 2102 etiam
502 2037 542 2100 ab
565 2060 602 2101 eo
625 2042 674 2101 est
694 2059 752 2120 per
767 2036 802 2101 Τ.
818 2035 984 2113 Quintium
998 2037 1222 2103 Flamininum.
1266 2044 1388 2104 etcum

208 2121 379 2186 tradendus
406 2121 558 2186 Romanis
586 2127 682 2200 esset,
708 2143 866 2186 venenum
891 2122 974 2187 bibit
1004 2127 1036 2187 11
1058 2125 1144 2207 apud
1164 2123 1330 2207 libyssam
1352 2125 1388 2190 in

207 2205 324 2272 finibus
345 2206 624 2272 Nicomedensium
646 2207 789 2291 sepultus
812 2211 868 2271 est.

293 2291 441 2378 Philippo
464 2314 540 2378 rege
562 2291 767 2357 Macedoniae
789 2297 925 2370 mortuo,
948 2293 1004 2378 qui
1025 2297 1057 2357 et
1080 2294 1247 2359 adversum
1269 2294 1421 2370 Roma-6

164 2397 264 2446 nanos
287 2378 408 2443 bellum
429 2382 574 2462 gesserat
595 2383 628 2442 et
649 2383 760 2462 postea
781 2377 936 2443 Romanis
957 2382 1068 2443 contra
1082 2378 1277 2445 Antiochum
1299 2381 1389 2446 auxi-

82 2473 87 2480 ·
207 2462 287 2526 lium
308 2460 434 2542 tulerat,
460 2463 544 2528 fflius
572 2463 639 2528 eius
661 2461 798 2529 Perseus
820 2463 855 2527 in
875 2462 1064 2530 Macedonia
1086 2465 1252 2530 rebellavit
1273 2466 1387 2552 ingen·

207 2548 293 2612 tibus
316 2549 413 2633 copiis
436 2550 477 2613 ad
497 2549 619 2615 bellum
640 2550 770 2634 paratis.
815 2572 889 2614 nam
916 2551 1076 2616 adiutores
1098 2549 1238 2615 habebat
1260 2550 1412 2632 Cotumo

208 2631 362 2698 Thraciae
384 2655 501 2718 regem,
528 2639 561 2698 et
585 2656 696 2720 regem
721 2634 842 2718 Illyrici
868 2632 1019 2700 (lentium
1044 2636 1180 2700 nomine.
1234 2635 1387 2702 Romanis

207 2722 317 2782 autem
338 2718 372 2782 in
395 2719 512 2784 auxilio
535 2724 625 2784 erant
647 2719 807 2784 Eumenes
829 2719 924 2788 Asiae
945 2744 1011 2799 rex,
1033 2719 1201 2786 Ariaratus
1223 2721 1389 2806 Cappado-

278 2980 290 3032 1
312 2971 360 3042 qui
378 2989 442 3027 cum
461 2971 595 3028 antiocho
613 2975 674 3028 1111
694 2975 744 3028 del.
763 2977 828 3041 (5¹12.
843 2976 906 3039 648,
925 2977 941 3030 l
950 2990 976 3042 p.
994 2977 1030 3027 18
1051 2976 1061 3043 fl
1082 2982 1098 3030 8
1116 2976 1194 3045 apud
1211 2977 1388 3046 magnesiam

206 3060 305 3126 scripsi
323 3075 375 3112 soc.
393 3075 467 3111 usum
482 3060 602 3126 loquendi
618 3061 724 3126 Eutrop.
743 3063 778 3126 ej.
797 3060 874 3112 Festi
891 3060 1019 3122 trev.12;
1038 3061 1114 3116 circa
1132 3062 1253 3131 sipylum
1270 3079 1385 3132 magne·

207 3143 280 3196 siam
299 3147 320 3197 A
333 3145 387 3206 11
406 3145 480 3200 circa
500 3144 621 3214 sipylum
637 3160 768 3214 magnam
786 3145 843 3198 iam
855 3146 880 3198 B
899 3150 933 3212 cs.
949 3147 1041 3200 Keller
1054 3165 1085 3216 p.
1098 3150 1166 3207 150;
1185 3146 1218 3204 ἐν
1229 3151 1386 3226 Μαγνησίᾳ

207 3231 243 3300 τῇ
260 3227 333 3302 πρὸς
353 3229 471 3306 Σιπύλῳ
490 3231 538 3301 τῆς
552 3226 647 3296 Ἀσίας
666 3232 694 3283 P.
708 3235 742 3299 cf.
764 3231 817 3284 liv.
832 3233 875 3297 36,
889 3235 932 3296 43,
946 3234 977 3291 9,·
995 3233 1070 3287 circa
1084 3231 1205 3303 sipylum
1219 3234 1256 3287 ad
1267 3250 1383 3303 magne·

208 3314 278 3368 siam
298 3323 434 3370 corrector
451 3319 506 3370 rod.
527 3318 650 3376 lincoln,
672 3317 820 3369 Glareanus
838 3318 854 3368 l
873 3321 908 3385 cf.
936 3335 957 3369 11
975 3319 1100 3386 Philolop.
1120 3324 1186 3371 Auz.
1205 3321 1242 3370 10
1258 3337 1284 3387 p.
1303 3322 1345 3382 51,
1365 3324 1383 3374 d

207 3418 233 3467 p.
251 3403 291 3452 20
309 3405 369 3454 adu.
388 3406 421 3453 13
442 3405 452 3470 ΙΙ
475 3411 487 3455 7
506 3403 581 3471 petit
599 3419 613 3454 1
629 3403 661 3463 1,·
681 3402 757 3458 αἰτεῖ
772 3404 808 3463 Ρ;
824 3401 911 3472 petiit
927 3405 945 3456 d
966 3405 976 3472 t
998 3408 1033 3458 16
1046 3405 1187 3474 asiagenis
1206 3407 1387 3473 111111111-

206 3481 270 3556 poff'
278 3504 303 3552 p.
324 3490 360 3540 70
378 3491 438 3540 edre.
456 3490 487 3546 6;
506 3488 656 3556 asiagenus
678 3489 711 3540 6²
727 3489 744 3538 11
762 3493 797 3557 cs.
815 3489 844 3538 1ι
859 3506 885 3555 p.
905 3492 938 3542 51
942 3506 952 3549 ,·
970 3489 1104 3545 asiaticus
1127 3507 1178 3544 sec.
1198 3493 1252 3559 Pcf
1273 3492 1387 3545 Srtulze

207 3573 329 3638 Philolop.
348 3575 385 3624 29
395 3589 420 3640 p.
434 3576 498 3634 285,
514 3577 566 3639 dp.
584 3575 646 3639 2011
668 3574 735 3640 quia
747 3605 781 3612 —
794 3573 993 3642 appellabatur
1010 3577 1060 3630 dcl.
1081 3580 1098 3631 δ
1113 3593 1139 3644 p.
1153 3578 1190 3628 18
1211 3578 1221 3643 l
1244 3583 1275 3630 21
1291 3574 1381 3629 flami·

207 3658 305 3712 ninum
323 3658 474 3724 Hieronym.
492 3675 516 3713 o.
529 3661 610 3722 1830,
631 3658 743 3726 Spltcrq
760 3661 792 3720 lr;
810 3659 965 3714 flaminium
983 3663 1050 3713 cPd
1070 3663 1080 3730 ΙΙ
1101 3668 1133 3715 81
1153 3666 1249 3716 cotum
1267 3665 1368 3730 scripsi
1376 3681 1385 3719 ;

207 3743 325 3800 oothum
344 3745 381 3804 1,·
400 3745 497 3797 cotum
518 3745 539 3796 C
554 3747 588 3811 cs.
613 3744 698 3796 Welsc
717 3745 841 3811 Philoloy.
861 3747 995 3800 Ruudsct.
1022 3747 1198 3812 [11119811
1225 3749 1312 3815 cotyu
1341 3749 1386 3797 td

206 3831 214 3899 tt
233 3837 265 3884 29
284 3830 314 3884 in
332 3829 467 3884 auxilium
488 3829 530 3882 ol
552 3830 562 3898 ΙΙ
584 3829 720 3884 ariarates
745 3831 851 3884 Vinctus
868 3832 893 3884 l.
