3050 4292
202 189 243 251 aa
385 182 387 192 '
656 181 871 241 uvuucrrvs.
890 181 937 235 vr.

202 356 324 441 proelio
347 360 458 422 contra
473 354 595 420 Sullam
616 355 713 420 fuisse
737 355 894 419 dicuntur.
927 369 984 424 XII
1008 353 1096 419 milia
1117 377 1150 419 se
1165 353 1272 420 Sullae
1296 356 1385 421 dedi-

204 443 326 521 derunt,
353 441 450 506 ceteri
470 442 504 504 in
526 443 592 505 acie
613 441 647 505 in
670 441 782 504 castris
802 440 937 526 infuga
958 439 1132 506 insatiabili
1157 440 1206 504 ira
1226 441 1385 506 victorum

168 549 184 596 a
204 528 384 611 consumpti
406 531 488 591 sunt.
520 525 573 591 Cn.
596 547 723 610 quoque
746 524 850 590 Carbo
873 528 985 592 consul
1007 527 1088 590 alter
1110 527 1150 589 ab
1172 525 1319 590 Arimino
1342 528 1384 591 ad
1445 568 1448 572 .

145 693 146 696 Ἴ
204 611 347 676 Siciliam
376 612 461 697 fugit
484 615 516 675 et
536 612 582 675 ibi
604 633 661 695 per
683 610 736 676 Cn.
760 611 948 696 Pompeium
978 610 1164 677 interfectus
1196 613 1256 689 est,
1287 633 1383 695 quem

205 697 439 762 adulescentem
461 695 550 761 Sulla
572 700 669 781 atque
691 717 792 762 annos
813 719 915 761 unum
937 702 969 762 et
990 697 1105 782 viginti
1119 700 1232 760 natum
1254 697 1383 783 cognita
1401 717 1415 765 5

205 783 273 846 eius
294 783 451 847 industria
474 782 664 847 exercitibus
686 781 892 867 praefecerat,
914 787 950 847 ut
965 784 1124 848 secundus
1147 780 1270 846 aSulla
1283 781 1383 846 habe·

207 873 303 932 retur.
1381 886 1384 892 ’

170 966 190 1025 9
291 951 400 1018 Occiso
418 974 494 1037 ergo
511 951 653 1017 Carbone
669 951 809 1016 Siciliam
823 951 994 1036 Pompeius
1009 954 1137 1037 recepit.
1168 958 1383 1038 transgressus

204 1037 277 1102 inde
300 1039 341 1102 ad
361 1038 505 1102 Africam
519 1038 704 1119 Domitium,
726 1037 889 1102 Marianae
911 1039 1010 1121 partis
1026 1039 1146 1117 ducem,
1162 1043 1194 1102 et
1221 1037 1383 1116 Hierdam,

205 1145 328 1273 liegemS
337 1123 560 1272 blllauplitanMiatefi
579 1124 635 1272 plui
656 1121 805 1272 DPOEM}
823 1123 1275 1272 alxffiuss·ferel,ab’·ffccllfii
1306 1128 1425 1271 postlo

206 1231 395 1378 abab?
424 1231 524 1376 ,td
543 1213 1147 1373 ntlbttttssusllattttl}
1163 1230 1387 1376 ,catat

171 1379 411 1448 avicensimum
434 1398 553 1442 anuum
584 1400 680 1464 agens
713 1379 750 1443 de
774 1378 884 1442 Africa
913 1378 1130 1464 triumphavit.
1173 1379 1258 1442 hunc
1288 1377 1385 1442 finem

205 1464 385 1536 habuerunt
401 1464 462 1528 duo
477 1463 562 1527 bella
576 1464 801 1543 funestissima,
816 1463 971 1544 Italicum,
986 1465 1073 1548 quod
1087 1469 1119 1529 et
1133 1465 1248 1528 sociale
1264 1464 1386 1528 dictum

207 1552 263 1627 est,
287 1552 319 1613 et
342 1549 440 1627 civile,
463 1570 544 1631 quae
561 1550 653 1612 ambo
676 1553 778 1613 tracta
792 1555 868 1613 sunt
881 1573 939 1633 per
954 1572 1052 1614 anuos
1068 1551 1183 1614 decem.
1215 1570 1383 1632 consump·
1395 1567 1424 1612 15

207 1638 317 1698 serunt
340 1638 447 1698 autem
467 1635 553 1698 ultra
576 1641 619 1696 CL
641 1635 730 1698 milia
750 1633 926 1713 hominum,
955 1635 1039 1699 viros
1062 1633 1243 1700 consulares
1265 1642 1385 1710 ΧΧΙΙΙΙ,

206 1719 384 1801 praetorios
411 1734 467 1798 VH,
489 1719 650 1784 aedilicius
673 1726 730 1798 LX,
752 1725 915 1784 senatores
937 1721 1003 1784 fere
1027 1726 1080 1787 CC.

600 2094 757 2168 niusa
786 2091 1031 2204 saurus.¹

178 2247 203 2304 1.
272 2228 314 2294 Μ.
336 2228 474 2294 Aemilio
496 2230 629 2313 Lepide,
660 2229 695 2306 Q.
723 2229 837 2294 Catulo
868 2229 1065 2308 consulibua,
1097 2251 1169 2292 cum
1199 2227 1288 2292 Sulla
1318 2249 1386 2290 rem

208 2314 369 2397 publicam
385 2317 621 2398 composuisset,
643 2315 727 2379 bello
743 2337 827 2378 nova
842 2318 1036 2392 exarserunt,
1057 2336 1158 2377 unum
1171 2313 1206 2376 in
1219 2311 1385 2395 Hispania,
1396 2330 1428 2376 ao

179 2426 181 2435 ¹
209 2398 295 2462 aliud
316 2399 350 2463 in
372 2399 560 2484 Pamphylia
584 2405 615 2464 et
631 2399 747 2477 Cilicia,
769 2401 899 2464 tertium
918 2401 952 2462 in
966 2398 1160 2475 Macedonia,
1182 2397 1386 2481 quantumin

175 2511 189 2557 2
208 2483 378 2556 Dalmatia.
400 2508 476 2549 nam
497 2485 663 2564 Sertorius,
686 2486 741 2567 qui
755 2486 896 2568 partium
910 2483 1128 2548 Marianarum
1141 2483 1255 2561 fuerat,
1269 2483 1385 2546 timens

208 2569 371 2646 ¹fortunam
393 2576 577 2650 ceterorum,
602 2571 657 2653 qui
683 2569 866 2653 interempti
888 2574 985 2648 erant,
1012 2569 1052 2632 ad
1073 2568 1194 2632 bellum
1216 2567 1386 2631 commovit

209 2653 390 2737 Hispanias.
436 2657 524 2720 missi
547 2661 620 2720 sunt
641 2660 751 2720 contra
774 2677 847 2718 eum
869 2655 963 2718 duces
991 2652 1028 2730 Q.
1051 2651 1206 2718 Caecilius
1228 2652 1386 2730 Metellus,

208 2739 293 2803 filius
316 2741 392 2819 eius,
415 2743 470 2824 qui
493 2740 682 2828 Iugurtham
712 2762 822 2825 regem
847 2739 936 2818 vicit,
959 2743 991 2803 et
1012 2738 1046 2802 L.
1068 2738 1229 2805 Domitius
1251 2742 1385 2821 praetor.
1396 2756 1429 2802 25

210 2847 229 2888 a
251 2825 370 2890 Sertori
401 2827 478 2891 duce
500 2825 658 2891 Hirtuleio
681 2825 844 2889 Domitius
865 2826 987 2890 occisus
1017 2827 1074 2888 est.
1122 2823 1272 2888 Metellus
1298 2823 1385 2886 vario

176 2939 190 2986 3
210 2931 356 2975 successu
380 2917 489 2976 contra
503 2911 677 2976 Sertorium
700 2911 869 2976 dimicavit.
909 2913 1022 2993 postea
1044 2931 1116 2973 cum
1137 2910 1386 2992 impar-pugnae

210 2994 297 3060 solus
327 3002 505 3080 putaretur,
538 2996 591 3060 Cn.
622 2996 795 3080 Pompeius
827 2997 868 3060 ad
889 2995 1060 3079 Hispanias
1090 2994 1205 3058 missus
1240 2996 1296 3056 est.
1340 2992 1386 3055 ita

209 3080 332 3146 duobus
355 3083 485 3146 ducibus
508 3083 646 3146 adversis
668 3081 828 3146 Sertorius
849 3081 979 3144 fortuna
997 3080 1086 3144 varia
1107 3101 1200 3161 saepe
1222 3077 1385 3162 pugnavit.

210 3169 329 3242 octavo
345 3168 471 3232 demum
493 3190 575 3231 anno
598 3190 655 3250 per
676 3189 750 3230 suos
775 3167 895 3230 occisus
917 3171 972 3244 est,
995 3169 1028 3228 et
1048 3163 1120 3226 finis
1135 3165 1164 3228 ei
1185 3161 1270 3226 bello
1295 3163 1388 3238 datus
1398 3182 1431 3229 30

209 3273 266 3333 per
297 3251 352 3316 Cn.
379 3253 567 3336 Pompeium
598 3253 832 3316 adulescentem
863 3256 896 3315 et
917 3250 952 3326 Q.
978 3248 1145 3314 Metellum
1167 3247 1261 3311 Pium
1290 3251 1387 3331 atque

212 3357 320 3401 omnes
343 3361 400 3420 pro
424 3361 441 3404 e
463 3337 635 3422 Hispaniae
658 3337 691 3400 in
714 3337 870 3400 dicionem
891 3335 1002 3418 populi
1023 3333 1160 3398 Romani
1181 3333 1335 3398 redactae.

177 3429 195 3490 2
299 3422 351 3486 Ad
408 3424 591 3487 acedoniam
612 3423 726 3486 missus
754 3426 802 3486 est
822 3420 883 3504 Ap.
905 3419 1055 3485 Claudius
1080 3422 1153 3502 post
1180 3419 1387 3482 consulatum.

211 3504 294 3570 levia
315 3508 436 3590 proelia
457 3508 569 3573 habuit
591 3513 701 3572 contra
722 3509 825 3572 varias
853 3509 973 3655 {putes
996 3527 1078 3588 quae
1099 3503 1290 3586 Rhodopam
1315 3525 1388 3599 pro:

178 3592 348 3662 nvinciam
370 3593 563 3672 incolebant,
595 3598 691 3676 atque
721 3592 767 3657 ibi
797 3613 908 3655 moro
939 3595 1084 3654 mortuus
1116 3594 1171 3654 est.
1216 3589 1328 3652 missus
1359 3610 1389 3650 er
1399 3607 1433 3654 35

213 3699 373 3744 successor
404 3677 435 3744 C.
467 3677 649 3743 Scribonius
680 3677 775 3742 Curio
807 3681 879 3761 post
909 3675 1117 3741 consulatum
1164 3675 1191 3738 is
1221 3673 1388 3738 Dardanos
1450 3708 1453 3713 ·

284 3867 316 3916 28
335 3865 463 3917 metellus
482 3868 542 3930 port
561 3862 636 3916 solus
656 3865 715 3916 (cdd.
735 3864 760 3916 B
774 3864 818 3916 Ch
836 3877 872 3927 cs.
891 3879 919 3916 ro.
935 3879 963 3930 p.
982 3864 1041 3916 514.
